3092 5142
235 547 238 553 ·
372 546 425 627 34
591 477 593 483 ’
752 518 947 624 'Pytha

297 752 300 757 ·
368 696 503 794 rarum
529 714 751 814 plantarum
784 729 1000 811 expertem,
1046 736 1176 810 neque
1207 716 1379 816 ignotam

241 843 307 896 ΛΜ·
328 837 657 914 affirmantibus.
695 875 742 889 -
794 833 853 908 Ibi
872 831 996 906 filium
1018 834 1154 933 pariet,
1179 859 1299 931 quem
1324 840 1379 912 in·
1390 908 1403 950 ο

276 918 336 980 ¹⁰4⁵
370 963 486 1036 clitus
509 953 756 1062 Mercurius,
780 952 1061 1052 pulcrithronis
1087 956 1209 1029 Horis.
1223 963 1379 1034 Terrae·

370 1107 460 1180 que,
484 1090 708 1175 susceptum
725 1100 810 1147 cara
825 1101 846 1146 a
863 1088 998 1161 matre,
1021 1075 1155 1149 tradet.
1208 1077 1302 1151 Illae
1319 1104 1381 1154 ve·

370 1225 415 1275 ro
433 1197 595 1298 genibus
622 1194 703 1269 suis
733 1193 920 1292 imposito
951 1192 1091 1269 infanti
1115 1212 1247 1299 nectar
1272 1200 1381 1275 labiis

370 1337 409 1397 et
427 1316 659 1392 ambrosiam
675 1314 937 1402 instillabunt,
961 1313 1179 1412 facientque
1195 1345 1293 1394 eum
1312 1327 1381 1396 im·

372 1441 596 1524 mortalem,
620 1439 757 1509 Iouem
777 1451 814 1508 et
836 1451 1013 1510 sanctum
1030 1439 1264 1535 Apollinem
1291 1468 1380 1542 gau·

372 1561 485 1634 dium
497 1558 727 1643 amicorum,
737 1571 776 1628 et
786 1555 1012 1655 proximum
1028 1560 1212 1634 comitem
1228 1565 1380 1654 ouium,

371 1686 605 1755 Venatorem
622 1691 660 1749 et
669 1682 880 1765 Pastorem,
903 1677 949 1750 ab
967 1679 1051 1752 aliis
1063 1682 1387 1773 veroAristaeum

204 1807 210 1818 '
279 1846 282 1850 -
372 1797 659 1902 appellandum.
723 1797 785 1872 Sic
802 1795 957 1873 locutus
980 1801 1180 1901 instigauit
1200 1825 1317 1891 eum,
1339 1817 1381 1876 rt

373 1920 596 1996 iucundum
630 1917 861 2015 nuptiarum
893 1918 1093 2016 perficeret
1121 1895 1284 1996 exitum.
1338 1965 1380 1977 -

274 2055 359 2125 liv-3·
376 2044 516 2120 Celeris
539 2053 759 2124 autemst,
786 2037 818 2109 si
831 2036 931 2133 quid
946 2037 1004 2113 dii
1019 2042 1254 2131 moliuntur,
1273 2040 1379 2117 actio

284 2141 343 2197 ¹¹9·
375 2164 539 2259 viaeque
559 2161 708 2235 breues.
763 2157 868 2262 Illud
885 2162 949 2233 illa
966 2160 1045 2237 dies
1068 2156 1226 2263 peregit.¹
1282 2165 1379 2259 Tha·

374 2287 557 2380 lamoque
582 2280 879 2357 concubuerunt
905 2280 947 2352 in
962 2305 1081 2356 aureo
1097 2283 1264 2382 Libyae,
1305 2309 1379 2382 quo
1408 2318 1410 2324 ⁴

375 2407 463 2480 loco
480 2404 754 2505 pulcerrimum
770 2400 909 2477 vrbem
922 2403 1129 2502 (Nympha
1144 2408 1315 2503 Cyrene)
1325 2422 1380 2480 tu.

376 2543 480 2602 tatur
504 2505 756 2620 inclitamque
779 2521 1063 2621 certaminibus.
1129 2528 1258 2622 Atque
1281 2550 1379 2601 nunc

361 2647 483 2747 'apud
505 2646 727 2745 Pythonem
744 2627 921 2718 'diuinam
948 2642 1163 2720 Carneadae
1185 2645 1293 2722 filius'
1317 2645 1380 2721 flo-

377 2768 616 2845 rentissimae
632 2765 756 2864 ipsam
770 2764 948 2839 admouit
961 2753 1152 2855 fortunae,
1176 2768 1245 2841 vbi
1261 2768 1379 2842 victor

378 2889 575 2992 professus
596 2903 652 2960 est
671 2889 860 2984 Cyrenen.
913 2891 1022 2988 Quae
1042 2887 1171 2986 ipsum
1183 2889 1378 2965 ,beneuola

378 3009 561 3110 excipiet,
597 3003 1109 3106 pulcris-feminis·insigni
1133 3012 1282 3106 patriae
1305 3012 1378 3109 glo·

268 3143 323 3198 Ser·
336 3146 363 3212 4·
379 3134 477 3206 riam
491 3128 695 3204 amabilem
712 3127 936 3199 afferentem
951 3151 972 3199 e
988 3127 1162 3224 Delphis.
1199 3171 1251 3185 ·-
1301 3133 1378 3207 Ma·

286 3227 346 3282 ¹³⁵'
372 3276 475 3354 ,gnae
498 3249 662 3322 virtutes
687 3271 839 3345 semper
858 3248 1016 3345 capiunt
1041 3247 1215 3345 copiosas
1234 3247 1377 3334 laudem

377 3375 421 3448 in
436 3369 601 3468 copiosis
615 3369 815 3465 tamen(in
828 3391 967 3466 magna
982 3393 1115 3440 rerum
1130 3365 1378 3440 dicendarum

378 3493 508 3593 copia)
521 3511 646 3590 „pauca
663 3488 1050 3578 ornate-edisserere,
1078 3486 1229 3562 auditio
1243 3487 1377 3587 (grata)

378 3613 626 3714 sapientibus.
646 3641 650 3653 .
680 3612 961 3705 Opportunitas
989 3626 1119 3685 autem
1145 3610 1326 3695 similiter
1342 3597 1399 3682 in⁸

378 3762 531 3836 quaque
546 3760 589 3806 re
604 3748 710 3809 tenet
725 3754 929 3805 summam.
982 3737 1195 3806 Nouerunt
1212 3729 1378 3827 aliquan·

378 3858 429 3932 do
447 3874 484 3930 et
499 3856 669 3939 lolaum,
691 3875 772 3923 non
783 3846 1035 3949 'aspernatum
1050 3877 1136 3925 eam
1154 3850 1377 3950 opportuni·

377 3996 514 4064 tatem,
545 3974 773 4072 septiportes
799 3970 971 4046 Thebae:
1004 3997 1143 4068 quem,
1173 3967 1375 4072 Eurysthei

376 4116 581 4199 postquam
602 4087 717 4190 caput
736 4107 1004 4187 amputauerat
1025 4092 1126 4166 ensis
1152 4089 1254 4177 acie,
1293 4112 1375 4163 con·

315 4277 318 4289 ,
377 4217 563 4292 didertmt
582 4214 661 4284 ima
683 4211 753 4289 sub
781 4216 942 4310 terrain
962 4209 1375 4312 curruum-agitatoris

1220 4332 1375 4432 Amphi·
1408 4378 1410 4383 -
