3092 5142
473 514 476 518 ’
553 468 713 623 Carmen
752 503 781 584 1.
882 522 884 529 ·
1122 532 1176 610 97

144 696 348 778 ,manibus
368 691 449 772 suis
482 684 660 796 geminos
696 697 912 797 corripiens
953 699 1175 778 ceruicibus

155 815 363 920 serpentes.
417 820 673 918 strangulatis
705 845 801 894 vero
834 808 993 919 'tempus
1025 825 1174 900 animas
1225 864 1229 874 .

153 939 306 1015 efflauit
324 965 345 1013 e
363 940 551 1015 membris
568 937 750 1014 infandis.
810 942 1059 1018 Intolerabile
1076 970 1175 1023 vero
1260 968 1270 982 ‘

152 1088 241 1139 sane
259 1063 436 1137 iaculum
447 1062 610 1159 (terror)
628 1064 820 1159 percussit
834 1064 1031 1152 mulieres,
1059 1082 1175 1162 quot.

150 1201 249 1283 quot
276 1185 483 1259 Alcmenae
507 1182 779 1255 ministrabant
801 1208 1030 1282 puerperae.
1083 1192 1173 1261 Ete-

147 1309 233 1380 nim
249 1306 336 1406 ipsa
350 1303 516 1404 pedibus
534 1303 641 1378 nuda
651 1302 859 1402 prosiliens
873 1331 895 1378 e
908 1321 1039 1396 strato,
1049 1309 1171 1384 simul

145 1430 262 1526 (cum
280 1427 383 1520 aliis)
400 1423 649 1525 propulsauit
663 1424 852 1499 iniuriam
872 1425 1095 1504 bestiarum.
1120 1472 1167 1488 -

145 1535 369 1624 Confestim
389 1563 522 1654 autem
550 1543 813 1620 Cadmeorum
837 1570 1020 1644 proceres
1045 1553 1270 1646 aereisxps

141 1696 241 1745 curn
256 1669 381 1747 armis
398 1681 650 1743 accurrerunt
672 1664 807 1738 crebri.
851 1669 989 1743 'Manu
1008 1695 1168 1768 quoque
1213 1643 1259 1698 ⁷⁷⁴

142 1792 390 1891 Amphitruo
405 1790 545 1890 vagina
562 1785 720 1860 nudum
730 1785 888 1860 vibrans
901 1813 1035 1864 ensem
1047 1795 1166 1883 venit,

141 1902 497 2016 acutis'doloribus
513 1932 731 2010 percussus.
783 1903 887 1983 Nam
905 1909 1179 1987 domesticum
1239 1948 1253 2006 1

141 2031 381 2131 (domestica
405 2031 617 2139 calamitas)
642 2030 819 2130 percellit
844 2054 979 2106 omnes
1005 2034 1164 2132 pariter,

142 2155 280 2229 statim
304 2177 400 2229 vero
416 2153 586 2228 doloris·
570 2177 731 2251 -expers
746 2177 815 2227 cor
829 2154 871 2225 in
889 2153 1001 2228 luctu
1021 2156 1162 2253 alieno

140 2319 193 2333 -
230 2273 347 2352 Stetit
358 2299 454 2350 vero
468 2276 512 2348 in
528 2289 729 2372 stuporem
745 2297 908 2372 grauem
924 2246 1164 2353 iucundum·
1148 2270 1272 2410 -34ἑ64

142 2422 224 2496 que
242 2395 452 2487 coniectus,
488 2393 668 2472 Videbat
684 2395 793 2468 enim
809 2395 1062 2470 excellentem
1081 2400 1164 2472 ani-

143 2542 262 2594 mum
287 2512 643 2614 fortitudinemque
667 2513 757 2602 lilii,
793 2515 895 2601 etin
922 2519 1163 2593 contrarium

143 2665 302 2715 versam
316 2637 605 2730 eilmfflortales
617 2637 888 2711 nuntiantium
900 2640 1164 2714 narrationem
1225 2636 1229 2641 ’

146 2764 374 2838 effecerant.
417 2759 601 2834 Vminum
632 2757 818 2833 euocauit
847 2761 962 2832 Iouisx
987 2756 1166 2834 altissimi

144 2885 379 2985 prophetam
395 2879 598 2970 eximium,
626 2878 850 2953 veridicum
864 2881 1066 2970 Tiresiam,
1093 2885 1165 2978 qui

145 3009 181 3082 ei
198 3004 382 3106 exposuit
405 3018 444 3076 et
465 3026 575 3074 οιιιιιι
564 3001 740 3092 turbae,
767 3000 1004 3099 quibuscum
1026 3002 1164 3077 conlli·

146 3143 324 3202 ctaturus
343 3139 442 3213 esset
465 3124 628 3212 casibuS,
682 3166 752 3181 --
782 3138 880 3220 quot
906 3124 948 3196 in
974 3140 1078 3200 terra
1104 3126 1164 3199 in·
1178 3126 1245 3180 Am
1247 3131 1292 3252 ο4·

145 3248 402 3336 terfecturuS,
429 3260 605 3344 quotque
622 3245 665 3319 in
687 3269 787 3319 matr
775 3243 971 3320 bestias
960 3272 1164 3337 immanes,

147 3394 348 3470 quemque
365 3367 482 3442 etiam
502 3364 715 3443 hominum
730 3391 823 3440 cum
841 3365 978 3462 iniqua
995 3367 1165 3464 insolen-

146 3492 200 3566 tia
216 3489 487 3574 incedentem,
510 3485 637 3559 diram
661 3483 699 3562 ei
721 3487 821 3562 dixit
840 3511 933 3561 eum
957 3487 1165 3561 illaturum
1279 3507 1281 3511 ’
1325 3491 1335 3592 γ’

147 3626 330 3685 mortem
384 3612 512 3704 Atque
537 3608 672 3698 etiam,
706 3608 865 3707 quando
883 3606 976 3681 dii
965 3633 1008 3680 ιιι
1025 3633 1165 3746 campo
1270 3676 1273 3680 .
1326 3630 1330 3636 ·

148 3734 347 3834 Phlegrae
351 3754 452 3817 cum
462 3731 711 3830 Gigantibus
736 3755 870 3831 pugna
896 3703 1082 3804 certaturi
1108 3755 1165 3804 es·

149 3868 249 3942 sent,
286 3853 460 3962 telorum
477 3851 621 3928 ictibus
636 3853 762 3942 illius,
801 3852 1053 3950 conspicuam
1077 3854 1166 3953 pul-

150 3997 239 4049 vere
257 3957 519 4048 commixtum
537 3976 605 4050 iri
611 3996 761 4049 comam
779 3977 953 4071 (eorum)
991 4013 1054 4035 --
1107 3972 1165 4046 di-
1179 3973 1270 4047 xpod.
1326 3966 1329 3971 ’

151 4098 220 4183 xit,
230 4095 378 4194 ipsum
394 4119 490 4170 vero
505 4097 549 4171 in
564 4120 656 4195 pace
671 4121 744 4195 per
765 4119 883 4192 omne
897 4110 1052 4195 tempus
1068 4094 1166 4170 frui·

153 4228 287 4290 turum
302 4232 492 4316 perpetua
503 4218 800 4316 tranquillitate,
811 4215 991 4292 laborum
1004 4207 1170 4318 magno--

193 4364 288 4421 Prien.
302 4362 393 4419 Carm.
412 4361 477 4420 Vol.
487 4363 525 4418 lt.
695 4339 730 4408 G
936 4429 939 4433 ‚
1071 4363 1164 4412 rum

1179 4053 1277 4119 4¹·05
1351 4098 1357 4114 „
