3092 5142
496 482 501 489 ’
525 484 685 566 Carmen
716 484 789 566 IX.
1119 513 1166 586 31

147 705 346 762 certamen
374 680 617 757 adultiorum
638 676 688 751 de
709 677 901 777 argenteis
920 675 1079 776 phialis!
1111 683 1172 755 vi·

145 836 292 905 rosque
328 806 442 880 celeri
475 802 568 875 dolo
602 801 753 874 inuicto
787 826 911 897 quum
942 820 1170 899 superasset,

146 928 359 1027 pertransit
391 926 548 1016 Circum
585 937 732 1019 quanto
766 944 858 993 curn
893 920 1060 998 clamore
1091 924 1171 999 for·

147 1072 298 1137 nrosuS,
320 1062 359 1120 et
381 1047 530 1146 pulcer,
545 1066 715 1137 cumque
738 1058 997 1139 perpetrasset
1018 1048 1171 1144 pulcer·

144 1170 264 1245 rima!
320 1212 366 1224 -
418 1138 620 1242 Parrhasio
651 1163 767 1274 etiam
802 1163 952 1261 populo
979 1162 1298 1305 amiran-,¹4:2⁵4

143 1290 219 1364 dus
245 1289 431 1388 adparuit
455 1287 562 1362 Iouis
587 1287 630 1358 in
654 1287 844 1382 panegyri
867 1288 1030 1383 Lycaei,
1066 1276 1171 1366 tum'.
1266 1375 1270 1383 μ

141 1430 223 1506 que
247 1435 375 1506 quun]
398 1408 632 1509 frigidarum
657 1404 838 1504 tepidum
863 1407 1085 1484 remedium
1101 1440 1172 1489 au·

139 1555 282 1604 rarum
312 1530 595 1630 (chlamyden-1)
618 1527 796 1604 Pellenae
817 1546 1041 1623 reportaret.
1096 1542 1172 1610 Te.

140 1656 213 1727 stis
241 1655 361 1726 etiarn
387 1669 443 1727 est
468 1654 724 1741 victoriarum
750 1647 835 1719 eius
864 1649 960 1721 Iolai
992 1658 1172 1734 tumulus

138 1774 379 1868 marinaque
404 1772 563 1846 Eleusis.
618 1767 736 1872 Quod
760 1784 897 1841 natura
924 1790 1056 1849 autem
1081 1804 1172 1854 con·

139 1894 279 1992 tingit,
306 1895 503 1992 optinrurn
531 1917 647 1965 omne
665 1906 730 1963 est.
784 1892 905 1964 Multi
923 1920 1020 1989 vero
1044 1900 1173 1974 homi-

142 2041 249 2089 num
288 2017 485 2111 acquisitis
519 2012 722 2111 disciplina
756 2013 970 2090 virtutibus
1008 2024 1173 2119 gloriam

144 2138 286 2209 annixi
311 2153 403 2212 sunt
427 2136 588 2230 assequi.
643 2134 797 2230 Absque
822 2136 896 2210 deo
923 2156 1052 2215 autem
1073 2148 1174 2240 (non

146 2259 328 2358 propitio
353 2255 504 2347 Genio)
539 2252 646 2350 quod
675 2259 761 2351 quis
794 2263 1028 2358 susceperit,
1067 2265 1174 2341 sileri

148 2405 232 2453 non
271 2378 444 2453 deterius
484 2389 541 2447 est
582 2377 795 2472 (praestat)
837 2377 989 2455 facinus
1030 2411 1173 2460 vnum·

153 2500 351 2598 quodque.
405 2503 505 2574 Sunt
530 2496 637 2569 enirn
679 2542 723 2553 -
765 2499 853 2572 viae
875 2502 1058 2596 (laudum
1082 2505 1281 2626 con-Epi·

153 2621 461 2718 sequendarum)
474 2618 548 2708 viis
563 2618 657 2692 aliae
669 2619 890 2709 vlteriores;
908 2650 1035 2721 neque
1048 2653 1173 2702 vnum
1221 2587 1268 2649 ⁵⁹·
1289 2698 1294 2707 „

156 2768 290 2819 omnes
301 2769 374 2817 nos
386 2742 460 2815 alet
479 2739 666 2817 studium.
686 2743 883 2816 Excellere
898 2744 1025 2840 aliqua
1037 2747 1079 2819 in
1093 2766 1174 2822 arte

157 2888 245 2937 sane
269 2864 391 2937 ardua
409 2887 469 2937 res
493 2878 560 2936 est.
608 2867 694 2936 Hoc
717 2879 847 2937 autem
867 2865 1043 2941 adferens
1065 2895 1176 2968 prae·

149 2987 296 3073 mium,
314 2987 390 3059 alte
412 2983 627 3058 vociferare
648 2973 846 3076 audacter3
871 2987 1023 3062 huncce
1041 2991 1175 3067 virum

158 3104 353 3179 diuinitus
372 3082 519 3181 ‘natum
544 3130 623 3180 esse
648 3131 768 3180 manu
794 3125 1015 3207 promtum,
1051 3138 1176 3187 mem·

157 3223 235 3299 bris
266 3222 468 3313 dextrum,
512 3226 697 3326 adspectu
720 3227 843 3302 robur
868 3254 961 3327 prae
984 3256 1024 3306 se
1048 3231 1176 3307 feren·

158 3363 255 3433 tem,
292 3349 365 3442 qui
388 3351 491 3424 inter
517 3352 721 3424 sollemnes
749 3350 883 3448 epulas
909 3352 1033 3446 (sacro
1054 3350 1175 3449 facto)

158 3469 337 3544 Aiaceam
360 3469 511 3544 Oilidae
535 3465 662 3544 victor
684 3472 891 3547 coronauit
914 3497 1029 3549 aram.
