3092 5142
616 511 772 589 Carmen
812 511 878 590 lll.
1003 585 1006 592 .
1072 512 1074 520 '

607 902 724 977 PYT
735 903 783 975 H.
819 905 884 976 111.

435 1078 657 1169 Eidem·
686 1085 1057 1224 HIERONI.

464 1318 470 1323 ἡ
593 1238 713 1321 Equo
746 1239 893 1304 Celere.
1022 1240 1024 1244 ’

231 1389 614 1499 VelimChironem
631 1419 909 1520 Phillyridem:
930 1423 966 1526 si
983 1420 1039 1496 fas
1060 1438 1127 1512 est,
1149 1420 1252 1496 illud
1266 1433 1321 1488 Str·
1337 1452 1361 1487 ι.

232 1564 332 1614 mea*
342 1541 477 1642 lingua
493 1544 654 1642 vulgare
670 1558 805 1642 optare
819 1542 992 1618 dictum:
1016 1548 1081 1641 (ex
1097 1543 1252 1642 vulgari
1398 1557 1403 1568 ·

226 1658 442 1757 somnum)
459 1666 697 1739 reuiuiscere
714 1667 885 1762 (vtinam
897 1664 1170 1759 reuiuisceret)
1185 1663 1252 1741 de·

196 1884 202 1892 Ι
235 1781 440 1872 functum,
469 1785 659 1862 Vranidae
679 1790 855 1862 sobolem
874 1803 1171 1885 praepotentem
1185 1792 1251 1864 Sa·

233 1907 364 1994 turni,
395 1899 642 2004 vallibusque
664 1907 799 1997 denuo
825 1908 1019 2006 imperare
1041 1907 1158 1994 Pelii,
1192 1904 1250 1980 fe·
1374 1994 1375 1998 Ἰ
1405 1947 1411 1950 -

229 2051 326 2100 rum
352 2027 515 2125 quidem
545 2030 740 2130 (corporis
768 2028 912 2127 specie)
937 2031 1146 2128 agrestem,
1180 2026 1249 2102 sed
1425 2027 1427 2035 ’

229 2165 364 2255 mente
373 2149 597 2247 praeditum
609 2149 838 2225 hominibus
851 2149 974 2245 amica
981 2176 991 2238 3
1013 2150 1137 2247 qualis
1153 2149 1249 2224 edu·
1346 2220 1350 2232 ,

231 2272 337 2344 cauit
361 2270 460 2344 olim
479 2269 665 2344 artificem
685 2270 825 2343 mitem
847 2269 1087 2357 indolentiae
1110 2283 1248 2370 corp‘o·

230 2393 534 2492 pori-salutaris
551 2392 840 2490 Aesculapium,
865 2393 1039 2482 heroem,
1063 2390 1248 2466 omnium
1326 2424 1328 2427 ·

229 2502 547 2614 propulsatorem
569 2514 821 2601 morborum,
884 2556 929 2568 -
984 2539 1104 2610 quem
1130 2538 1246 2610 eque·
1259 2539 1373 2608 Anam

231 2637 536 2735 stris'Phlegyae
566 2633 644 2708 lilia
671 2651 880 2731 antequam
910 2635 1126 2734 peperisset
1154 2658 1247 2737 curn

229 2760 430 2858 (iuuante)
452 2756 875 2854 matribus-praesente
896 2744 1064 2841 Lucina,
1096 2751 1245 2826 domita

230 2883 359 2955 aureis
384 2878 530 2978 sagitt-is
557 2876 706 2950 Dianae
735 2863 980 2954 in‘Plutonis
1007 2874 1173 2949 domum
1196 2875 1256 2949 in·
1344 2941 1346 2947 .

209 3003 402 3078 ‘thalamo
431 2992 630 3073 descendit
652 3018 771 3097 opera
794 2999 995 3097 Apollinis.
1054 3001 1114 3071 Ira
1136 2997 1244 3070 eninr

227 3102 312 3200 non
344 3124 454 3196 irrita
482 3136 539 3194 est
571 3118 747 3195 filiorum
776 3122 892 3194 louis.
953 3120 1022 3193 llla
1050 3119 1243 3192 nimirum
1303 3174 1305 3176 -

216 3224 429 3322 ¹contemto
449 3246 547 3342 ipse,
575 3243 792 3340 (Apolline)
812 3258 946 3326 errore
963 3241 1138 3340 mentis,·{
1151 3241 1242 3313 alias

225 3369 412 3470 probauit
434 3365 610 3463 nuptias,
646 3364 744 3436 clam
769 3380 897 3462 patre,
933 3378 1043 3436 antea
1064 3385 1156 3432 cum
1181 3361 1242 3434 in·

226 3506 342 3562 tonso
359 3506 614 3560 consuescens
628 3481 807 3570 Phoebo,
836 3559 840 3566 ,
861 3524 908 3564 ·r·
959 3496 998 3555 et
1013 3497 1164 3582 gestans
1184 3492 1240 3555 ses
1254 3497 1306 3569 Ep.
1326 3517 1349 3553 ι.

224 3628 318 3686 men
337 3607 401 3680 dei
422 3625 608 3683 sanctum.
661 3613 757 3683 Non
778 3605 967 3679 sustinuit
989 3602 1169 3676 accedere
1191 3601 1241 3683 ad
1284 3585 1329 3638 ⁹⁷⁸

224 3729 361 3828 epulas
384 3730 598 3827 nuptiales,
623 3721 753 3824 neque
777 3726 826 3800 ad
845 3728 1144 3825 omnisonorum
1165 3724 1239 3824 hy·
1314 3706 1319 3723 ³

223 3872 481 3925 menaeorum
500 3851 723 3937 clamorem,
746 3849 924 3946 aequales
939 3843 1141 3943 quomodo
1159 3848 1239 3920 vir·
1349 3947 1351 3955 Α

223 3974 335 4073 gines
364 3974 488 4045 solent
515 3967 640 4044 seciae
663 3971 896 4070 vespertinis
921 3969 1152 4042 iuueniliter
1176 3969 1237 4042 lu·

222 4092 316 4168 dere
335 4094 521 4167 cantibus.
557 4097 606 4168 At
620 4116 714 4166 vero
730 4094 878 4166 amauit
892 4090 1237 4207 absentiapquem·
1323 4107 1328 4115 '

219 4200 440 4292 admodum
455 4215 572 4289 etiam
587 4215 689 4312 (alii)
705 4213 824 4287 multi
840 4209 980 4285 adfecti
998 4239 1079 4288 esse
1096 4216 1231 4300 solent.
1299 4302 1300 4305 Ἴ

524 4348 526 4352 ‘
743 4324 746 4329 ’
992 4443 996 4449 Δ
1092 4407 1097 4463 ¹
1167 4341 1235 4412 Est
