3092 5142
560 504 720 588 Carmen
758 504 829 588 111.
916 460 921 469 ι
1143 443 1196 607 {9

180 697 364 775 demidae
397 699 717 799 praestantissimi
750 699 1021 803 recensentur!
1069 703 1199 800 Prope

182 824 306 897 altum
326 821 487 920 quidem
507 827 739 895 Parnassum
759 835 929 918 quatuor
949 845 998 893 ex
1020 821 1200 895 certami-

181 945 299 1019 nibus
331 943 515 1018 victorias
550 957 801 1038 reportarunt
808 966 818 1031 3
858 958 897 1015 at
930 966 952 1013 a
984 944 1199 1018 Corinthiis

182 1064 498 1160 (Corinthiorum
518 1061 686 1156 iudicio)
737 1105 785 1118 -
836 1063 880 1136 in
905 1059 1199 1163 fortis-Pelopis
1212 1059 1326 1136 ΟΜ

181 1185 397 1258 recessibus
431 1199 520 1257 octo
541 1184 619 1257 iam
647 1208 808 1259 coronas
831 1185 1067 1281 consequuti
1088 1201 1199 1274 suut;
1247 1147 1292 1202 ω

182 1321 333 1402 septem
364 1319 495 1377 autern
525 1307 717 1393 Nemeae;
761 1303 872 1378 domi
902 1329 998 1378 vero
1023 1322 1132 1404 parta
1154 1306 1209 1379 in

180 1426 296 1500 Iouis·
316 1406 527 1500 certamine
552 1450 719 1500 numero
742 1429 903 1500 maiora.
964 1430 1095 1528 Quem
1118 1429 1199 1522 (Io-

180 1547 306 1639 vem),
330 1569 355 1618 o
371 1546 491 1634 ciues,
514 1546 701 1620 celebrate
717 1545 945 1646 Timodemi
960 1547 1004 1618 iu
1023 1547 1197 1644 glorioso

180 1667 334 1756 reditu;
348 1671 643 1764 suauisonaque
659 1667 918 1767 auspicamini
932 1690 1038 1741 voce.
1096 1719 1100 1730 ·

565 2134 716 2208 NEM.
745 2134 810 2206 ΙΙΙ.

247 2295 716 2408 'amsroomuan
759 2316 1123 2405 montarso.

520 2461 862 2524 Pancratiastae.

178 2599 235 2706 O
262 2625 483 2702 veneranda
497 2629 649 2714 masa,
688 2638 814 2697 mater
846 2641 998 2715 nostra,
1032 2625 1199 2726 supplex
1211 2651 1267 2707 aer.
1281 2669 1307 2707 ι.

179 2775 275 2837 oro,
314 2746 363 2821 ad
396 2746 629 2844 hospitalem
659 2747 736 2820 hoc
766 2771 874 2820 sacro
904 2737 1105 2823 Nemeaeo
1131 2775 1198 2824 ve-
1342 2824 1346 2829 ,

178 2874 265 2947 nias
278 2864 466 2949 Doricam
484 2869 652 2943 insulam
668 2867 866 2965 Aeginam.
919 2869 1197 2963 Aquamenim
1302 2897 1322 2921 -·
1344 2892 1376 2973 '3

177 3007 401 3092 exspectant
431 2974 539 3089 apud
569 2990 752 3089 Asopiam
780 2990 866 3086 (te)
895 2990 1197 3065 mellisouorum
1312 2992 1315 2999 ’

178 3111 345 3188 artifices
374 3113 620 3210 hymnorum
650 3113 838 3196 iuuenes,
877 3124 968 3184 tuae
994 3113 1103 3187 vocis
1118 3127 1196 3187 cu·
1317 3112 1376 3141 ·”

177 3234 276 3336 pidi.
328 3232 534 3310 Desiderat
562 3249 695 3307 autem
723 3256 785 3305 res
810 3231 889 3305 ‘alia
912 3229 1042 3319 aliud;
1075 3248 1197 3306 certa·

177 3357 338 3430 minum
370 3381 466 3429 vero
500 3356 665 3436 victoria
696 3353 866 3427 maxime
899 3367 1059 3427 cantum
1091 3370 1223 3458 amat·

177 3501 417 3552 coronarum
436 3478 710 3574 virtutumque
728 3476 976 3574 aptissimum
996 3465 1203 3571 comitem..

177 3641 227 3655 -·
282 3598 405 3671 Cuius
431 3597 585 3694 copiam
610 3595 799 3695 deprome
827 3622 874 3670 ex
904 3592 1064 3696 ingenio
1090 3621 1194 3688 meo,
1208 3611 1322 3684 Auara

178 3717 392 3814 ordireque
424 3718 524 3790 coeli
555 3717 822 3807 multi-nubis
853 3718 954 3817 regi,
993 3720 1089 3816 (tu)
1115 3717 1206 3795 filias

178 3840 332 3940 (eius),
359 3854 563 3935 acceptum
587 3838 785 3935 hymnum
794 3867 805 3928 ς
842 3839 917 3939 ego
941 3863 1036 3913 vero
1061 3841 1196 3941 ipsum

178 3962 311 4036 cantui
330 3984 470 4032 eorum
488 3959 674 4055 lyraeque
693 3959 853 4037 tradam.
908 3965 1073 4036 Gratum
1097 3987 1195 4037 vero
1274 4034 1277 4040 ,

175 4082 336 4157 habebit
354 4081 528 4154 laborem
548 4080 674 4177 (hunc
691 4083 890 4180 hymnum
911 4086 1065 4179 meum)
1086 4085 1195 4204 inqu·

175 4202 234 4278 lae
254 4201 376 4278 decus
393 4205 557 4303 (Aegina
564 4205 594 4298 ς)
612 4205 889 4302 Myrmidones
907 4206 977 4280 vbi
991 4205 1110 4305 prisci
1126 4207 1194 4279 ha·

998 4325 1195 4401 bitarunt:
1229 4342 1232 4351 ·
