3092 5142
458 502 476 549 '·
524 438 840 587 cumulis,
917 588 919 593 ,
1110 466 1157 592 33

145 710 236 760 men
254 664 388 762 autem
406 684 599 761 eximium
615 710 752 769 cauere
768 710 834 759 me
851 682 990 767 iubent
1004 685 1164 761 Themi·

148 806 209 881 des
217 810 330 882 Iouis
347 806 458 896 filiae,
467 808 575 904 quod
592 808 919 903 antiquumiuxta
936 809 1163 907 sepulcrum

148 931 357 1029 Pelopis
318 956 378 1003 us
387 929 604 1003 Herculea
594 928 776 1014 mstituit,
786 941 992 1026 postquam
1007 934 1163 1030 Neptu·

148 1051 260 1125 nium
291 1050 537 1124 interfecerat
572 1054 749 1123 Cteatum
782 1052 1062 1147 praestantem,
1115 1093 1159 1107 -
1176 1055 1246 1111 Am.
1266 1070 1293 1111 2·
1325 1128 1329 1137 ,
1388 1066 1393 1078 ·

148 1173 370 1270 occiditque
398 1177 619 1269 Eu1·,ytnm
652 1187 695 1244 vt
718 1197 859 1270 operae
884 1174 1091 1277 praestitae
1116 1169 1163 1245 eb
1209 1135 1255 1199 ⁵4
1308 1252 1313 1263 ¹

131 1286 280 1392 'Auges
299 1294 495 1379 violento,
518 1292 595 1363 ab
583 1295 712 1364 inuito
732 1292 816 1389 ip'se
838 1290 1035 1391 flagitans,
1063 1320 1165 1370 mer·
1232 1304 1235 1311 '

144 1417 282 1489 cedem
306 1417 487 1514 exigeret.
550 1416 595 1484 In
621 1409 777 1487 frutetis
802 1430 935 1487 autem
959 1412 1163 1491 insidiatus

142 1537 216 1609 sub
236 1536 415 1624 Cleonis,
440 1535 632 1633 oppressit
654 1535 800 1609 et‘illos
815 1538 1003 1613 Hercules
1023 1539 1068 1610 in
1086 1539 1162 1626 via,

137 1657 336 1752 quoniam
364 1672 475 1729 antea
503 1655 712 1751 aliquando
738 1657 997 1755 Tirynthium
1028 1658 1191 1758 profit·

131 1791 335 1875 gauerant
358 1777 433 1875 ipsi
457 1778 671 1853 exercitum
694 1779 738 1850 in
767 1779 980 1855 recessibus
1002 1781 1160 1858 haelen-

131 1912 222 1971 tem
258 1897 384 1973 Elidis
449 1942 488 1953 -
562 1897 807 1971 Molionidae
841 1924 903 1971 an
905 1919 1156 2000 egentissmn
1174 1904 1265 1971 Epod

133 2018 300 2114 Atqui
289 2043 332 2089 m
355 2019 551 2117 hospitem
577 2016 851 2095 fiaudulentus
868 2027 1068 2121 Epeorum
1091 2050 1159 2097 rex
1175 1991 1199 2028 ²
1206 1988 1252 2045 42

131 2166 224 2214 non
248 2140 378 2213 multo
399 2156 487 2239 post
504 2139 606 2212 vidit
621 2143 787 2239 patriam
806 2141 996 2234 diuitem,
1020 2145 1165 2219 vrbem·

134 2286 274 2349 suam,
308 2242 439 2334 ralido
462 2262 546 2359 igni
572 2261 793 2359 ictibusque
816 2263 911 2337 ferri
939 2269 1159 2365 (vastatam)

136 2384 185 2456 in
203 2381 454 2481 profundum
471 2378 699 2457 calamitatis
712 2386 906 2483 gurgitem
925 2386 1157 2484 depressam.

139 2509 247 2577 Iram
262 2504 368 2576 enim
385 2505 654 2603 potentiorum
672 2505 828 2577 amoliri
840 2505 1009 2582 difficile.
1032 2510 1160 2582 Etiam
1258 2598 1280 2607 Ι,
1336 2511 1341 2517 ”

141 2625 213 2700 ille
230 2627 462 2715 temeritate,
480 2642 701 2724 postremus
720 2639 811 2722 post
828 2628 1201 2725 expugnationem
1225 2673 1230 2691 ι

144 2750 306 2822 obuiam
324 2747 459 2835 factus
473 2764 643 2835 mortem
661 2770 823 2845 grauem
840 2772 921 2821 non
938 2747 1097 2846 effugit.
1112 2791 1158 2803 -
1239 2750 1242 2755 ’
1358 2786 1362 2795 ·

146 2872 220 2943 llic
249 2895 347 2944 vero
379 2869 428 2941 ad
456 2870 581 2942 Pisani
613 2894 739 2966 quum
770 2869 955 2967 coegisset
982 2883 1159 2966 totasque
1174 2861 1270 2999 &25
1328 2846 1333 2859 ’
1383 2958 1385 2963 Ι

149 2996 275 3091 copias
298 2990 560 3091 praedamque
584 3015 764 3076 omnem,
788 2990 895 3063 Iouis
919 2987 1034 3063 fortis
1045 2984 1159 3063 filius

147 3110 423 3187 dimetiebatur
465 3125 617 3191 sacrum
654 3114 786 3185 locum
826 3112 933 3185 Patri
967 3113 1159 3199 maximo;

146 3252 334 3333 septoque
363 3236 465 3311 facto
490 3237 597 3311 Altin
618 3234 833 3334 inpotenti
861 3216 949 3307 loco
972 3234 1160 3329 secreuit:

147 3354 345 3430 inclusum
366 3378 497 3432 autem
522 3336 707 3457 campum
726 3354 931 3427 constituit
951 3353 1160 3451 epularum

150 3473 438 3570 deuersorium,
464 3483 661 3556 honorans
686 3480 812 3574 (sacro
835 3473 955 3566 facto)
982 3469 1158 3546 fluuium

151 3599 286 3696 Alphei
336 3623 393 3656 -‘
421 3626 530 3681 ¹cum
561 3599 772 3679 duodecim
798 3586 955 3696 ¹magnis
984 3592 1085 3684 diis,
1121 3611 1160 3667 et
1174 3599 1239 3653 Ant.
1259 3612 1286 3669 t·

150 3719 284 3793 collem
321 3702 550 3797 Saturnium
592 3720 814 3819 adpellaui't.
884 3723 1006 3795 Antea
1037 3721 1157 3803 enim,
1207 3682 1253 3741 59·
1345 3708 1353 3727 “

152 3860 266 3934 quum
289 3846 516 3918 Oenomaus
537 3843 575 3915 ei
599 3842 833 3941 imperabat,
860 3828 1043 3940 ignobilis
1061 3840 1158 3937 riga-
1212 3940 1214 3947 Ι
1264 3932 1267 3941 .
1315 3900 1318 3909 .

149 3954 255 4037 batur
271 3965 398 4038 multa
417 3964 522 4039 niue.
576 3970 658 4038 Hac
677 3958 773 4036 vero
792 3963 834 4033 in
853 3962 980 4059 prima
997 3958 1158 4066 celebri·

150 4091 217 4157 tate
245 4086 385 4182 vtique
416 4084 579 4182 quidem
595 4167 596 4170 Ἴ
612 4108 736 4183 prope
763 4081 977 4155 adfuerunt
1004 4086 1157 4172 Parcae,

135 4205 330 4304 'quodque
359 4210 488 4308 arguit
520 4206 651 4283 solum
676 4207 881 4280 veritatem
897 4186 1072 4311 tertam,
1108 4244 1156 4259 --

186 4346 278 4408 Ριιω.
293 4352 517 4433 carnsotn.
651 4367 654 4373 ·
707 4330 738 4400 C
966 4328 1153 4423 Tempus.
1230 4398 1233 4403 ,
