3092 5142
618 968 621 979 .
676 925 701 935 ··
750 900 898 974 ΝΕΜ.
931 904 1010 977 ΧΙ..

356 1141 359 1147 »
420 1109 943 1228 Anrsraoonae
987 1056 1330 1252 Pariani

584 1389 608 1405 Ι,
713 1283 1082 1373 remetire·
1198 1363 1210 1371 ,,
1310 1380 1314 1392 .

618 1480 767 1538 nitro
792 1434 1122 1571 ,runcasrarra
1233 1493 1235 1496 ’

230 1667 233 1671 ’
253 1675 310 1730 &t
325 1693 349 1736 ¹·
363 1638 474 1744 Pilia
495 1667 639 1757 Rheae,
667 1691 768 1766 quae
788 1685 978 1769 prytanea
993 1688 1113 1763 tenes,
1127 1678 1254 1764 Vesta,
1278 1676 1386 1751 Iouis

266 1789 269 1798 '
361 1791 671 1874 'altissimisoror
687 1809 726 1866 et
741 1792 1220 1903 throni-sociaelunonis,
1230 1797 1384 1901 suscipe

362 1916 535 2016 propitia
561 1915 823 2015 Aristagoram
858 1930 976 1990 tuum
1002 1915 1047 1990 in
1071 1918 1409 2016 penetrale-(cm.

361 2040 498 2131 riam),
529 2038 784 2138 ‘propitiaque‘
810 2034 1013 2133 (suscipe)
1037 2037 1200 2136 collegas
1229 2039 1382 2139 insigne

361 2185 486 2261 prope
498 2175 694 2283 sceptrum
706 2157 878 2256 (signum
893 2170 1011 2232 tuum
1023 2158 1066 2231 in
1081 2160 1188 2233 curia
1202 2158 1381 2265 adstans),

251 2292 262 2304 ”
362 2283 488 2381 quite
506 2282 676 2387 colentes
694 2280 838 2354 iustam
856 2276 1090 2363 custodiunt
1101 2279 1378 2370 Tenedum·-

150 2494 156 2513 .
233 2427 303 2493 χω.
317 2429 348 2497 ’7.
363 2424 476 2502 saepe
491 2399 653 2500 quidem
671 2400 925 2479 libationibus
943 2418 1171 2489 venerantes
1186 2404 1265 2500 (te)
1275 2402 1379 2502 prin·

362 2522 491 2623 cipem
505 2519 669 2598 dearum
676 2548 687 2611 3
718 2546 839 2620 ,saepe
859 2544 955 2595 vero
981 2519 1300 2620 (sacrificiorum)
1323 2525 1378 2597 ni·

362 2643 468 2722 dore.
521 2648 624 2744 Lyra
637 2670 739 2718 -vero
758 2646 852 2744 ipsis
871 2660 983 2720 sonat
999 2659 1235 2743 cantusque,
1259 2660 1300 2718 et
1313 2647 1377 2720 ho-

363 2767 509 2866 spitalis
540 2766 647 2842 louis
677 2765 821 2841 colitur
845 2767 908 2840 ius
922 2751 1136 2866 'perpetuis
1168 2765 1373 2840 conuiuiis.

363 2887 438 2964 Sed
457 2885 626 2988 gloriose
643 2888 912 2988 magistratum
939 2885 1375 2972 duodecim-mensium

362 3008 411 3082 da
430 3010 507 3082 illis
524 3011 734 3109 transigere
750 3009 882 3082 illaeso
901 3011 1020 3107 (tristi
1037 3019 1146 3096 casu)
1163 2996 1309 3083 animo.
1332 3050 1373 3063 -

231 3153 287 3226 Ep.
305 3166 346 3222 ιδ,
361 3136 516 3206 Patrem
533 3124 756 3228 autemeg'o
776 3130 934 3205 beatum
957 3115 1139 3231 praedico
1157 3131 1374 3215 Arcesilam,

361 3270 400 3327 et
419 3277 561 3353 corpus
578 3255 856 3351 (Aristagorae)
874 3255 1167 3342 admirandum,
1204 3250 1373 3327 et'forti·

349 3372 543 3447 ‘tudinem
561 3374 787 3474 ingenitam.
840 3378 882 3451 Si
904 3397 999 3448 vero
1024 3376 1113 3471 quis
1138 3399 1233 3474 opes
1258 3374 1373 3474 possi·

361 3493 602 3569 densiorma
619 3490 862 3594 superauerit
884 3496 991 3585 alios,
1019 3498 1141 3593 inque
1156 3497 1374 3570 certamini·

359 3617 434 3692 bus
454 3612 587 3690 =victor
605 3618 803 3714 specimen
820 3617 944 3692 edidit
960 3619 1131 3706 roboris;
1158 3620 1191 3693 is
1205 3618 1373 3693 mortali·

361 3739 436 3812 bus
452 3738 677 3814 meminerit
701 3763 740 3811 se
762 3739 949 3815 amictum
969 3741 1155 3815 membris
1173 3757 1211 3815 et
1229 3757 1374 3840 postre-

250 3866 429 3935 Scan-mo
448 3860 629 3932 omnium
648 3873 793 3934 terram
809 3853 1045 3936 induturum
1065 3887 1156 3937 esse.
1193 3905 1240 3918 --
1294 3867 1375 3938 Ser·

275 3951 319 3990 Μ’
360 3980 547 4057 monibus
571 3996 702 4053 autem
725 3982 877 4057 ciuium
903 3974 1016 4058 bonis
1042 3983 1201 4059 laudare
1224 3985 1373 4081 (illum)

362 4115 516 4200 oportet
538 4116 577 4174 et
598 4103 813 4205 mellisonis
834 4124 1017 4180 ornatum
1044 4106 1238 4183 celebrare
1260 4109 1376 4181 canti·

1294 4230 1374 4304 bus.
