3092 5142
474 526 476 530 ⁵
503 649 506 652 ἢ
551 541 709 622 Carmen
738 541 810 622 IX.
1133 527 1180 644 83

172 752 303 808 cessus
321 732 467 810 habitat
486 733 789 810 vmbrosorum?
826 736 1104 834 experiturque
1120 763 1184 822 ro·
1220 800 1230 805 .

143 852 248 943 ,bur
267 855 518 929 immensum.
570 859 690 937 Fasne
708 873 765 930 est
780 857 953 930 inclitam
970 883 1132 932 manum
1145 861 1183 933 ei

169 971 341 1047 inferre?
384 977 630 1062 anne,.etiam
660 1002 730 1074 per
760 978 958 1075 amplexus
985 979 1181 1069 demetere

169 1094 367 1168 mellitum
380 1090 544 1170 florem?
596 1098 700 1172 Huic
713 1125 807 1173 vero
823 1104 1037 1177 Centaurus
1051 1101 1179 1197 grauis
1237 1086 1242 1096 ¹

170 1213 324 1313 placido
364 1213 503 1286 blande
546 1212 676 1290 ridens
716 1217 928 1314 „supercilio
968 1218 1177 1295 consilium

169 1359 289 1408 suum
315 1335 444 1408 statim
469 1331 649 1409 reddidit.
716 1342 833 1426 Sunt,
864 1363 888 1410 o
904 1337 1079 1438 Phoebe,
1114 1362 1177 1411 oc·

169 1457 295 1529 cultae
310 1455 498 1550 adsacros
516 1469 673 1528 amores¹
685 1456 811 1531 claues
833 1458 1015 1557 sapientis
1033 1457 1177 1533 Suade-

167 1577 244 1666 laea
271 1593 310 1651 et
328 1578 430 1651 inter
446 1575 540 1650 deos
559 1577 781 1674 pariterque
793 1577 971 1652 homines
988 1594 1175 1653 verentur

167 1698 342 1794 (omnes)
353 1699 477 1796 palam
488 1701 635 1796 (aperta
642 1696 701 1789 vi)
711 1695 891 1770 dulcibus
906 1697 987 1772 frui
998 1699 1175 1796 primum

167 1800 417 1916 ampleiiibus.
483 1857 552 1915 '‘.
590 1817 772 1912 Namque
796 1831 852 1904 te,
889 1821 952 1890 cui
977 1843 1060 1891 non
1085 1819 1174 1893 licet
1187 1812 1239 1884 Ep.
1253 1827 1279 1867 ²·

166 1933 402 2045 quemquam
417 1934 621 2010 mendacio
638 1935 810 2035 aggredi,
833 1941 1051 2019 commouit
1066 1939 1173 2013 blan·
1219 1895 1263 1950 ⁷⁶⁰
1326 2029 1328 2032 Ι

165 2056 236 2161 dus
253 2043 376 2144 amor,
398 2075 443 2129 vt
460 2058 637 2132 simulate
653 2058 890 2155 el‘oquereris
904 2060 1012 2134 hunc
1026 2072 1171 2136 sermo-
1263 2149 1266 2156 Ι

161 2203 263 2254 nem.
317 2166 583 2258 Puellne'vero
601 2202 789 2274 quorsum
805 2205 928 2279 genus
943 2181 1170 2281 interrogas,
1265 2176 1267 2181 ’

147 2303 291 2393 oren?
331 2299 401 2396 qui
418 2314 568 2373 certum
585 2301 764 2372 omnium
784 2325 918 2373 rerum
936 2303 1083 2375 exitum
1097 2319 1170 2376 no·

159 2422 270 2496 sti'et
297 2444 434 2494 omnes
457 2422 559 2510 vias,
598 2436 773 2518 quotque
796 2421 911 2494 tellus
936 2432 1053 2494 verna
1073 2421 1169 2497 folia

156 2542 322 2630 emittit,
347 2555 566 2640 quantaque
581 2546 622 2615 in
639 2543 738 2615 mari
752 2559 789 2615 et
806 2540 940 2614 fluuiis
952 2567 1089 2616 arenae
1107 2545 1169 2618 vis

157 2659 346 2736 fluctibus
361 2662 590 2761 impetuque
599 2678 809 2736 ventorum
823 2664 1001 2735 voluitur
1007 2688 1018 2751 3
1043 2661 1168 2758 quod·

157 2808 236 2880 qne
256 2781 524 2872 futurumst,
548 2799 586 2857 et
603 2782 759 2880 quando
776 2781 958 2856 futurum
974 2799 1040 2872 est,
1067 2784 1167 2859 bene

156 2904 357 3003 perspicis.
410 2905 450 2981 Si
474 2917 604 2976 tamen
627 2903 716 2975 licet
739 2905 856 2975 etiarn
884 2929 975 2983 cum
996 2897 1167 3004 sapiente

158 3025 397 3099 contendere
415 3023 534 3124 (apud
549 3027 639 3118 artis
658 3023 894 3098 vaticinandi
912 3027 1083 3123 peritum
1101 3051 1166 3100 va-

156 3145 350 3238 ticinari),
403 3185 448 3199 -
501 3125 650 3217 edicam
671 3149 788 3244 (quae
806 3144 939 3219 futura
957 3171 1037 3253 esse
1056 3172 1165 3245 prae·
1179 3154 1274 3221 Stoa·

158 3268 317 3360 sentio).
370 3265 474 3342 Huic
491 3268 653 3340 maritus
672 3266 814 3339 venisti
831 3266 972 3339 vallem
990 3268 1032 3340 in
1050 3268 1166 3342 hanc·
1211 3233 1261 3296 ω’

143 3413 223 3477 ee,
264 3403 303 3461 et
326 3395 473 3460 eseam
494 3402 597 3461 trans
620 3411 747 3475 mare,
778 3387 885 3460 Iouis
911 3388 1100 3462 eximium
1122 3390 1166 3464 in

157 3509 335 3597 hortum,
357 3520 693 3606 transportaturus.
748 3505 906 3579 Ibieam
924 3507 1164 3604 (aliquando)
1245 3547 1248 3553 ,

159 3627 332 3702 ciuitatis
356 3629 529 3729 reginam
562 3628 791 3713 constitues,
826 3631 976 3726 populo
996 3629 1165 3707 adducto

158 3749 324 3861 inqulari
356 3747 405 3821 ad
433 3738 571 3823 collem
604 3748 748 3846 campis
777 3747 951 3846 vndique
979 3753 1162 3826 cinctum.

158 3874 280 3947 Nunc
304 3885 435 3951 autem
462 3868 939 3966 spatiosa-prata-habens
955 3878 1067 3945 {sacra
1092 3875 1165 3947 tibi

158 3993 285 4092 Libya
297 3991 463 4090 excipiet
476 3989 682 4088 gloriosam
702 3990 917 4087 nympham
938 3990 1097 4065 aedibus
1122 3995 1165 4068 in

158 4115 287 4189 aureis
305 4111 512 4197 beneuola;
536 4109 603 4183 vbi
620 4111 745 4182 statim
767 4114 803 4184 ei
820 4111 1023 4186 tenendam
1039 4114 1165 4214 legiti·
1229 4202 1233 4209 ·

139 4258 221 4319 ¹me
243 4210 407 4307 donabit
426 4245 549 4307 terrae
575 4231 814 4330 portionem,
849 4257 977 4330 neque
1001 4233 1164 4334 frugife-

592 4382 595 4391 ’
1027 4377 1160 4425 rarum
