3092 5142
290 484 342 612 γέ
719 509 860 614 Pythia.

288 704 520 779 Antilochus
538 701 651 777 fortis
666 703 883 778 mentehac
897 702 1116 803 praeditus,
1153 702 1225 800 qui
1247 727 1303 803 ocf

289 827 427 913 cubuit
440 851 514 926 pro
528 841 648 925 patre,
659 821 899 901 homicidam
915 836 1041 920 quum
1055 825 1303 901 sustinuisset

163 954 166 962 '
289 934 431 1021 ducem
451 933 642 1021 enercitus
663 948 903 1047 Aethiopum
924 950 1197 1021 Memnonem.
1225 947 1303 1018 Ne·

288 1085 462 1143 storeum
491 1068 599 1141 enim
618 1094 744 1165 equus
761 1094 924 1143 currum
947 1066 1219 1163 remorabatur
1236 1071 1303 1140 Pa·

144 1202 156 1230 ·
176 1276 179 1286 ¹
287 1186 384 1264 ridis
402 1215 424 1262 a
439 1191 526 1263 telis
543 1191 715 1280 saucius;
738 1205 776 1264 at
790 1191 857 1264 ille
874 1188 1125 1288 (Memnon)
1115 1187 1302 1260 immitte

177 1415 233 1475 Str.
246 1428 272 1483 3.

194 1499 240 1553 57·

286 1310 352 1386 bat
371 1311 538 1407 validam
557 1311 715 1384 hastam.
769 1317 874 1386 Tum
892 1309 1080 1386 Messenii
1094 1308 1198 1383 senis
1216 1332 1302 1406 per·

265 1435 394 1508 'culsa
413 1458 524 1508 mens
545 1432 773 1506 inclamauit
791 1415 918 1506 filium
938 1457 1066 1506 suum.
1121 1473 1169 1489 -
1193 1422 1301 1505 Ne-

288 1579 365 1652 que
392 1579 488 1628 vero
507 1554 668 1627 initum
694 1555 862 1653 verbum
893 1554 1033 1627 emisit
1077 1549 1174 1630 sed
1199 1567 1306 1624 stans.

289 1676 491 1769 (aduersus
512 1656 685 1772 hostem)
699 1676 863 1751 diuinus
877 1677 944 1750 ille
959 1676 1023 1748 vir
1032 1671 1300 1771 (Antilochus)

182 1795 185 1801 ’
285 1796 453 1872 redemit
468 1814 595 1870 morte
613 1796 735 1868 vitam
752 1797 892 1895 patris,
918 1796 1104 1892 visusque
1122 1811 1180 1869 est
1196 1793 1300 1894 apud

285 1920 453 1997 maiores
486 1906 589 1992 inter
619 1917 899 2006 adolescentes,
945 1915 1118 1991 facinore
1133 1915 1299 2014 'ingenti

284 2055 528 2141 perpetrato,
554 2063 734 2114 summus
755 2065 836 2116 esse
851 2041 992 2140 pietate
1007 2061 1096 2142 erga
1105 2052 1298 2136 parentes·

286 2167 413 2259 Atque
430 2163 528 2237 haec
539 2158 738 2256 quidem
727 2186 769 2233 m
796 2152 1013 2260 praeteritis
1039 2173 1141 2232 sunt.
1195 2159 1298 2233 Inter'

226 2285 249 2301 “’
286 2301 440 2359 nostros
459 2307 555 2356 vero
577 2281 693 2354 etiam
713 2282 983 2381 Thrasybulus
1000 2296 1204 2390 paternam
1221 2302 1296 2351 ma·

176 2367 243 2425 Ant.
245 2381 322 2436 3.

193 2438 239 2512 46.

285 2409 390 2480 xime
425 2402 474 2477 ad
517 2406 692 2500 regulam
727 2404 898 2493 incedit,
962 2444 1009 2458 -
1078 2400 1297 2500 'patruoque

286 2526 502 2628 (proxime)
528 2522 730 2613 accedens,
762 2524 882 2601 decus
906 2525 1100 2626 (virtutis)
1121 2523 1293 2597 exhibet.

285 2646 573 2748 prudentiaque
593 2645 753 2721 diuitias
772 2648 891 2747 regit,
915 2672 989 2721 nec
1007 2647 1205 2719 iniustum
1228 2668 1295 2718 nec

284 2767 553 2841 insolentem
542 2784 727 2842 1uuentae
749 2767 889 2844 florem
910 2747 1134 2867 decerpens,
1155 2766 1226 2842 sed
1244 2791 1294 2842 sa·

284 2890 473 2991 pientiam
497 2890 541 2960 in
563 2888 776 2964 recessibus
793 2888 1005 2965 Pieridum
1058 2885 1119 2965 Ad
1140 2902 1201 2962 te
1204 2911 1295 2985 quo·

285 3037 375 3109 que,
394 3025 517 3083 terrae
543 3026 753 3107 quassatur,
765 3011 836 3108 qui
859 3026 1081 3106 equestrem
1101 3009 1295 3107 incessum

285 3133 488 3219 inuenisti,
504 3132 616 3205 valde
631 3133 796 3231 probato
811 3132 919 3248 (tibi)
935 3131 1080 3221 anime,
1095 3135 1295 3232 Neptune,

285 3279 367 3330 sese
388 3253 563 3352 applicat.
616 3254 756 3327 Dulcis
781 3278 876 3327 vero
903 3255 988 3327 eius
1012 3277 1147 3342 mens,
1182 3253 1296 3328 etiam

283 3378 328 3450 in
356 3372 624 3448 conuersando
648 3399 740 3449 cum
765 3375 967 3471 conuiuis,
1001 3398 1124 3474 apum
1144 3386 1298 3517 superat

285 3496 539 3572 cancellatum
563 3520 674 3598 opus.
