3092 5142
560 459 722 549 Carmen
753 460 825 544 XI.
1125 493 1202 569 ¹29

185 655 272 730 bus.
335 659 368 730 E
393 653 533 729 vicinis
565 671 719 743 autem,
749 653 917 730 sedecim
942 657 1202 758 Aristagoram
1241 663 1245 670 “

186 776 415 875 splendidae
427 777 614 871 victoriae
628 777 871 876 patriamque
885 777 1025 852 claram
1038 803 1203 859 'corona-

185 914 281 972 runt
295 900 398 972 lucta
414 911 451 970 et
464 893 597 970 valde·
605 896 775 994 glorioso
791 899 1077 996 pancratio-
1105 904 1200 997 Spes
1213 880 1326 1022 ‘⁴23²‘

186 1037 318 1095 tamen
338 1018 493 1118 segnior
512 1030 720 1113 parentum
746 1015 819 1091 filii
843 1020 966 1092 robur
988 1019 1200 1133 impediuit

185 1140 368 1237 Pythone
383 1136 606 1236 periculum
622 1132 747 1211 facere
772 1142 1057 1239 Olympiaeque
1077 1157 1198 1216 certa·
1298 1219 1301 1231 ,

184 1261 353 1335 minum.
405 1264 479 1334 Per
501 1258 607 1331 enim
621 1257 746 1355 ipsam
768 1259 1025 1337 iurisiurandi
1040 1263 1197 1362 religio-

184 1408 277 1456 nem
296 1379 531 1478 (asseuero):
557 1401 642 1450 mea
654 1375 1038 1477 quidemsententia,
1061 1383 1111 1458 ad
1127 1389 1196 1464 Ca·

184 1504 335 1577 staliam
360 1517 398 1575 et
421 1498 469 1572 ad
494 1498 724 1581 arborosum
745 1497 945 1597 profectus
968 1503 1109 1578 collem
1131 1509 1196 1580 Sa·

135 1634 138 1648 “
184 1624 311 1707 turni,
343 1618 665 1694 honorificentius
686 1633 803 1716 quam
824 1638 1041 1722 pugnantes
1057 1622 1195 1697 aduer-

183 1745 275 1816 sarii
263 1738 487 1826 rediisset,
548 1780 594 1793 -
655 1740 946 1836 quinquennale
972 1732 1119 1817 festum
1145 1742 1193 1816 ab
1206 1728 1297 1871 {pff

182 1863 353 1938 Hercule
387 1862 611 1935 institutum
646 1861 863 1953 celebrans,
908 1863 1192 1960 redimitusque

183 2008 337 2059 comam
360 1981 570 2081 purpureis
590 1977 807 2055 frondibus.
865 1982 941 2059 Sed
964 1985 1193 2060 mortalium

180 2108 306 2180 alium
325 2103 485 2200 quidem
502 2116 598 2174 varra
616 2099 795 2199 gloriatio
818 2098 1002 2180 felicitate
1024 2105 1192 2180 deiicere

178 2232 280 2304 solet
287 2255 299 2316 ;
326 2227 447 2299 alium
463 2246 558 2295 vero
581 2221 726 2310 contra
751 2222 885 2296 robori
900 2226 1073 2301 nimium
1087 2211 1191 2301 diffi·
1259 2273 1262 2279 ,

180 2351 361 2436 dentem,
386 2333 558 2445 propriis
572 2341 703 2439 priuat
727 2340 860 2432 bonis,
891 2316 1020 2422 manti
1035 2349 1189 2425 trahens

177 2489 306 2558 retro,
329 2469 483 2541 animus
499 2461 657 2537 audacia
676 2486 849 2540 carens.
873 2507 919 2521 --
972 2457 1294 2600 Agnoscerexltpp
1359 2503 1362 2508 -

178 2589 395 2665 admodum
409 2582 521 2661 facile
542 2600 622 2658 erat
645 2584 861 2657 Pisandri
839 2588 1012 2708 priscum
1034 2592 1188 2690 sangui-

176 2739 272 2788 nem
297 2709 489 2811 Spartani:
514 2706 560 2779 ab
584 2684 756 2803 Amyelis
777 2704 885 2780 enim
906 2713 1005 2806 (ille)
1029 2726 1188 2786 venerat

177 2861 271 2910 curn
295 2839 450 2917 Oreste,·
475 2828 640 2902 Aeolum
666 2827 878 2901 exercitum
901 2856 1014 2904 aere·
1022 2846 1188 2905 armato·

177 2982 270 3031 rum
293 2956 372 3028 huc
398 2948 641 3050 (Tenedum)
667 2945 881 3059 adducens:
907 2963 947 3027 et
970 2949 1020 3024 ad
1042 2953 1186 3024 Ismeni
1242 2981 1248 2995 1

176 3075 327 3151 fluenta
350 3070 567 3147 admixtum
591 3071 852 3169 (sanguinem)
879 3072 1098 3172 Melanippi
1119 3073 1185 3146 aui

176 3197 382 3272 materni·
428 3198 578 3268 Priscae
602 3207 733 3265 autem
759 3191 924 3266 virtutes
975 3238 1023 3250 —
1074 3164 1299 3308 recu-³⁴22?

177 3334 338 3420 perant,
364 3318 470 3416 (etsi)
494 3340 564 3414 per
591 3313 772 3410 (aliquot)
794 3314 1004 3387 hominum
1027 3339 1185 3414 genera·

176 3443 306 3515 tiones
327 3435 638 3513 vicissitudinem
662 3406 859 3531 expiemus,
897 3420 1029 3509 robur.
1085 3439 1185 3508 Con·

176 3563 292 3634 tinue
323 3581 575 3653 veronaque
608 3556 717 3653 nigra
747 3547 879 3655 fruges
911 3555 1026 3630 edere
1060 3555 1185 3631 solent

176 3688 292 3769 arua3
336 3704 409 3752 nec
439 3672 593 3752 arbores
617 3691 747 3749 amant
776 3679 959 3793 omnibus
989 3701 1184 3752 annorum

174 3801 401 3876 recursibus
430 3798 568 3874 florem
599 3797 805 3871 odoratum
842 3780 941 3873 ferre
976 3799 1087 3897 copia
1117 3824 1184 3897 pa-

173 3950 260 3999 rem
283 3924 383 4022 (pari
409 3921 556 4021 copia),
583 3919 650 3992 sed
674 3944 746 4017 per
768 3920 882 3993 vices.
936 3921 997 3996 Sic
1023 3934 1067 3992 et
1078 3944 1220 4068 morE

1220 4024 1289 4087 Μ

172 4048 249 4121 tale
275 4068 406 4161 genus
425 4041 533 4116 ducit
585 4083 631 4097 -
683 4033 831 4115 Fatum.
884 4047 933 4117 At
952 4065 975 4114 a
994 4029 1096 4114 Ioue
1112 4040 1182 4113 ho
1228 4097 1273 4151 55

222 4196 314 4250 Prin
329 4194 418 4250 Carm
433 4192 496 4249 Vol.
507 4192 544 4244 ΙΙ
711 4167 730 4235 I
1001 4158 1182 4234 InlnthS
1300 4228 1304 4247 1
