3092 5142
357 549 383 623 6
652 619 664 641 ,
727 494 731 501 Ι
770 542 962 648 olympic·

355 732 417 807 fac
442 749 686 833 compotem
718 759 812 808 nam
827 735 1015 810 tredecim
1039 736 1119 809 iam
1139 737 1375 820 amatoribus
1410 751 1419 826 l

252 887 344 961 epod„
357 855 578 928 interemtis
595 853 725 928 differt
743 856 903 952 nuptias
934 901 982 913 —
1016 856 1128 933 filiae.
1170 865 1374 960 'Magnum
1411 847 1414 859 ¹

230 971 258 1028 ὓ
284 975 345 1033 ¹29·
360 975 524 1075 quidem
546 975 759 1049 discrimen
775 975 975 1050 imbellem
992 978 1126 1052 virum
1151 1005 1235 1053 non
1262 981 1375 1079 capit;
1409 992 1419 1036 ¹

359 1100 466 1171 mori
482 1112 615 1171 autem
638 1097 784 1193 quibus
802 1095 927 1168 fatalis
950 1101 1156 1172 necessitas
1178 1115 1258 1188 est,
1284 1097 1376 1197 quid
1413 1090 1419 1160 Ϊ

288 1212 294 1224 ’
360 1243 503 1316 quaeso
522 1219 663 1313 aliquis
687 1217 863 1318 ignobile
882 1220 1057 1307 senium,
1075 1225 1121 1292 in
1139 1218 1312 1292 tenebris
1326 1243 1375 1334 se·

363 1339 482 1428 dens,
509 1355 714 1412 consumat
732 1336 898 1426 frustra,
924 1342 1107 1413 omnium
1133 1340 1298 1414 laudum
1320 1329 1377 1415 eu·

329 1463 477 1567 pers?
519 1461 639 1555 Atqui
655 1485 728 1559 ego
744 1458 908 1556 quidem
923 1463 999 1535 hoc
1011 1478 1205 1535 certamen
1223 1463 1392 1537 subibo:-

363 1598 410 1655 tu
437 1605 534 1654 vero
562 1593 752 1652 euentum
787 1594 968 1676 optatum
1000 1579 1100 1655 dato.
1176 1585 1240 1658 Sic
1265 1582 1377 1659 dixit:

363 1725 494 1798 neque
524 1700 645 1772 irritis
670 1723 870 1797 aggressus
895 1717 953 1773 est
976 1728 1070 1781 eum
1091 1703 1283 1800 precibus.
1336 1705 1380 1778 Ei

364 1818 698 1924 gratificansdedit
712 1818 810 1893 deus
826 1845 988 1894 currum
1002 1848 1168 1898 aureum
1184 1820 1397 1923 alatosque

176 1990 181 1997 ·
257 1952 312 2009 ultr·
323 1942 577 2023 4indefessos
595 1965 727 2038 equos
756 1982 805 1996 -
855 1948 962 2016 Turn
978 1947 1134 2042 (cursu)
1143 1964 1240 2020 v1c1t
1254 1952 1382 2023 Oeno·

181 2102 185 2109 ·
273 2031 334 2094 ¹4⁹⁶
365 2091 502 2139 maum
524 2061 688 2148 fortem,
723 2060 998 2160 virginemque
1023 2063 1137 2136 duxit
1160 2070 1381 2167 coniugem,

366 2186 583 2286 genuitque
600 2183 719 2258 duces
733 2208 817 2269 sen,
841 2184 1043 2256 Virtutum
1059 2185 1250 2277 alumnos,
1272 2187 1382 2265 filios.

283 2351 306 2397 .:
366 2309 489 2382 Nunc
505 2302 656 2378 inferiis
681 2301 894 2403 splendidis
911 2303 1148 2394 honoratur,
1172 2307 1222 2380 ad
1246 2309 1385 2408 Alphei

368 2428 528 2531 alueum
548 2429 743 2524 sepultus,
769 2422 973 2497 tumulum
994 2424 1170 2524 vndique
1186 2445 1386 2526 patentem

367 2563 523 2635 nactus,
571 2543 968 2642 frequentatissimum
1013 2547 1235 2646 hospitibus
1281 2550 1386 2650 apud
1417 2562 1418 2571 ’

248 2706 250 2711 ·
368 2695 485 2743 aram.
512 2673 629 2744 Fama
644 2692 741 2741 vero
759 2666 913 2800 Pelopis
930 2668 1086 2743 eminus
1101 2669 1238 2767 fulget,
1250 2671 1386 2769 Olym·

369 2792 552 2890 picorum
570 2788 829 2862 certaminum
845 2786 887 2858 in
902 2788 1092 2876 cursibus,
1117 2788 1186 2860 vbi
1203 2791 1385 2867 velocitas

369 2911 519 3011 pedum
545 2925 665 2986 certat
684 2907 878 3025 vigorque
898 2909 1051 2984 roboris
1071 2935 1277 2984 aerumnas
1302 2938 1386 3012 per·

371 3031 544 3122 ferentis,
570 3033 775 3125 victorque
791 3029 983 3125 reliquam
999 3056 1071 3128 per
1090 3032 1212 3104 vitam
1230 3031 1383 3109 dulcem
1412 3015 1419 3086 ⁴

245 3178 313 3237 Ant
329 3169 478 3245 utenet
498 3152 722 3226 felicitatem
776 3193 822 3206 -
880 3151 1069 3223 victoriae
1102 3155 1286 3263 praemiis
1316 3155 1419 3232 sibi.

272 3258 332 3322 ³⁵9
372 3290 556 3375 paratam
610 3280 719 3376 Quae
732 3287 864 3346 autem
880 3285 1102 3366 constanter
1116 3291 1320 3371 permanet
1334 3273 1382 3348 fe·
1407 3297 1418 3335 τ

372 3396 517 3484 licitas,
544 3419 697 3468 summa
718 3393 884 3468 habetur
902 3394 1006 3467 nulli
1022 3419 1105 3466 non
1125 3398 1293 3470 mortali.
1320 3400 1380 3471 Me

373 3533 507 3590 autem
531 3539 719 3589 coronare
740 3515 862 3588 istum
879 3516 1128 3610 [Hieronem]
1143 3515 1286 3603 modis,
1298 3517 1380 3615 qui·
1404 3539 1418 3584 s

373 3638 449 3712 bus
468 3637 633 3725 victoria
659 3639 850 3733 equestris
872 3653 1054 3726 ornatur,
1081 3636 1230 3710 aeolico
1253 3637 1382 3710 carmi·
1405 3658 1419 3704 r

374 3784 438 3847 ne,
464 3772 629 3856 oportet.
680 3758 901 3832 Persuadeo
917 3748 1018 3831 mihi
1032 3758 1152 3844 enim,
1174 3782 1238 3830 me
1256 3759 1382 3858 hospi·
1406 3783 1419 3825 s

374 3894 456 3953 tem
481 3878 637 3952 nullum
664 3893 703 3950 ¹et
726 3879 981 3950 honestarum
1004 3901 1139 3951 rerum
1162 3876 1383 3975 peritiorem

376 3998 499 4075 alium
532 4011 570 4068 et
600 3997 777 4095 potentia
797 3997 1135 4097 praestantiorem,
1171 4022 1219 4070 ex
1249 4001 1419 4074 nostris·

377 4099 539 4216 quidem
563 4119 813 4206 hominibus,
836 4117 981 4190 inclitis
1006 4135 1286 4194 exornaturum
1313 4145 1385 4196 esse
1415 4165 1417 4168 ·

376 4241 621 4350 hymnorum
648 4240 827 4351 strophis
882 4242 1008 4320 Deus
1015 4239 1173 4320 adiutor
1197 4245 1277 4317 tuis
1301 4266 1385 4342 pro·
1412 4243 1419 4315 i

1280 4362 1388 4471 spicit
