3092 5142
585 500 745 580 Carmen
775 500 842 581 IV.
879 535 883 542 ·
1142 530 1217 607 103

432 966 435 973 .
579 895 730 970 NEM.
759 898 820 970 IV.

131 1114 135 1119 -
217 1076 710 1168 Truusnnouo
758 1030 1207 1168 Ancrunrnn)

545 1238 548 1243 ·
583 1230 822 1294 Luctatori.

189 1379 397 1509 Optimus
420 1412 566 1486 laetitia
588 1410 769 1484 laborum
795 1406 1001 1486 finitorum
1029 1409 1209 1488 medicus
1221 1433 1281 1491 sert
1292 1454 1331 1492 ι..

188 1532 370 1631 (medela,
381 1536 606 1628 recreatio);
624 1547 662 1604 et
679 1533 870 1630 sapientes
879 1538 1087 1607 Musarum
1105 1530 1207 1608 filiae

189 1655 298 1730 Odae
322 1655 565 1729 blandiorem
590 1648 760 1730 reddunt
784 1679 870 1727 eam
895 1676 1090 1754 aggressae
1113 1659 1206 1751 (eos
1234 1746 1236 1751 Ι
1277 1666 1281 1674 “

187 1779 354 1872 canere).
407 1782 550 1875 Neque
567 1775 689 1851 calida
709 1798 810 1870 aqua
828 1789 982 1847 tantum
1000 1775 1135 1848 mollia
1148 1774 1205 1849 fa·

187 1900 245 1986 cit·
255 1898 441 1986 membra,
454 1886 648 1995 quantum
663 1897 746 1971 laus
762 1896 931 1970 citharae
947 1920 1086 1969 comes,
1110 1899 1205 1971 Car·

184 2046 280 2094 men
297 2019 407 2093 factis
428 2018 657 2092 diuturnius
682 2016 807 2104 uiuit,
847 2014 956 2113 quod
982 2018 1203 2118 Charitibus

185 2133 352 2242 (Musis)
366 2142 548 2239 propitiis
558 2140 692 2238 lingua
707 2163 728 2210 e
745 2150 876 2208 mente
891 2129 1100 2234 protulerit
1116 2140 1200 2221 alta.
1327 2232 1329 2238 ,

185 2307 234 2321 -
284 2264 412 2366 'Quale
429 2261 530 2333 mihi
547 2283 770 2332 consecrare
784 2260 1046 2354 Saturnioque
1061 2262 1151 2334 Ioui
1162 2277 1202 2336 et
1214 2291 1328 2367 Anam

182 2390 359 2462 Nemeae
390 2381 708 2477 Timasarchique
736 2380 863 2453 luctae
889 2379 1033 2476 hymni
1060 2405 1201 2479 prooe-

182 2504 735 2605 mium(vtinam)contingatl
786 2501 1201 2599 Accipiatautem(be·

181 2631 346 2725 neuole)
364 2625 616 2703 Aeacidarum
632 2612 915 2696 bene-munita
935 2618 1063 2710 sedes,
1087 2624 1200 2696 iusti·

179 2754 258 2827 tiae
295 2745 777 2849 hospitibus-opitulantis
815 2768 1027 2817 commune
1060 2743 1199 2819 lumen

181 2873 349 2972 (decus).
402 2873 443 2948 Si
452 2896 553 2949 vero
565 2867 694 2941 adhuc
704 2881 843 2964 vegeto
858 2866 1098 2940 Timocritus
1116 2869 1198 2943 sole

180 3012 277 3068 tuus
294 3010 404 3092 pater
422 2989 644 3065 foueretur:
686 2986 792 3059 varie
814 2987 986 3083 (variatis
1002 2991 1126 3085 sonis)
1144 2992 1197 3065 ci-

180 3117 333 3190 tharam
349 3113 520 3213 pulsans,
545 3135 670 3208 saepe,
695 3106 836 3180 adhoc
857 3134 1012 3184 carmen
1030 3137 1196 3188 conuer-

180 3261 257 3322 sus⁵
284 3234 483 3331 hymnum
501 3247 724 3304 cantaturus
739 3228 877 3304 fuisset
893 3232 1136 3308 victorialem
1147 3275 1194 3290 -

180 3358 374 3431 Cleonaeo
396 3378 444 3426 ex
466 3354 676 3425 certamine
700 3351 848 3425 monile
869 3354 1059 3448 (seriem)
1084 3378 1193 3427 coro·
1207 3378 1261 3452 Ep.
1275 3389 1321 3446 27.

178 3502 322 3550 narum
353 3473 612 3546 deducentem
650 3473 869 3570 insignium
901 3490 940 3547 et
980 3475 1194 3574 splendidis

176 3597 224 3670 ab
251 3595 419 3672 Athenis
439 3594 663 3690 Thebisque
689 3595 989 3692 septiportibus;
1033 3595 1193 3692 quando

177 3717 340 3817 quidem
354 3716 651 3813 Amphitruonis
667 3714 856 3789 celebrem
867 3715 973 3815 apud
989 3720 1193 3793 tumulum
1226 3695 1230 3701 ’

165 3830 340 3916 xCadmei
360 3837 479 3910 illum
503 3834 609 3910 haud
632 3836 752 3909 inuiti
767 3833 931 3911 floribus
953 3857 1194 3917 coronarunt

175 3974 341 4060 propter
360 3959 553 4056 Aeginam.
582 3955 641 4030 Ad
654 3957 799 4031 amicos
815 3959 919 4053 enim
939 3962 1088 4036 amicus
1102 3988 1194 4062 pro·

174 4082 303 4156 fectus
322 4078 614 4177 inhospitalem
637 4077 775 4153 vrbem
799 4079 1017 4170 descendit,
1043 4088 1193 4158 Hercu·
1247 4162 1249 4172 ,

172 4205 221 4279 lis
241 4203 396 4278 beatam
412 4199 461 4273 ad
478 4189 626 4289 aulam,
676 4241 725 4258 -
778 4226 870 4276 cum
884 4228 964 4301 quo
982 4205 1080 4281 olim
1094 4212 1322 4284 Tro-Stra
1361 4264 1368 4271 .

1008 4392 1012 4400 χ,
1054 4396 1056 4401 ,
1113 4352 1193 4402 ram
1210 4301 1286 4420 ’4⁰⁰¹
