3092 5142
271 450 276 455 Ι
390 521 445 614 4·
807 507 999 609 ormaza

287 722 380 779 [aaa
392 706 575 801 raraque
593 700 759 774 adduxit
782 699 994 773 dominnm
1045 739 1095 753 -
1145 699 1406 796 Smmsium,

302 806 348 862 7
394 826 506 921 equis
523 821 759 923 gaudentem
779 845 921 918 regern.
974 819 1159 918 Splendet
1174 818 1312 894 aute'm
1332 822 1405 895 eius

393 946 521 1047 gioria
541 944 649 1044 apud
664 966 892 1043 generosam
908 941 1012 1039 Lydi
1030 945 1184 1041 Pelopis
1203 944 1402 1030 coloniam,

394 1093 517 1164 quem
535 1081 772 1166 pmepotens
785 1064 934 1134 mair
951 1079 1096 1135 terram
1110 1065 1319 1137 continens
1334 1067 1403 1137 Ne·

394 1208 564 1288 prunus,
597 1203 807 1287 posquam
832 1209 927 1257 eum
949 1183 1157 1282 splendido
1179 1185 1312 1258 lebete
1328 1208 1402 1258 exe·

393 1325 521 1383 metat
542 1308 704 1394 Clotho,
727 1307 901 1381 humero
920 1329 971 1378 ex
993 1304 1112 1379 ebore
1126 1307 1281 1379 nitente
1300 1311 1402 1379 orna·

392 1446 492 1502 tum.
543 1429 1146 1515 &nemineressuntmnltm
1170 1445 1211 1501 et
1227 1451 1403 1500 nonnun-

392 1575 515 1647 quam
542 1551 662 1622 etiam
681 1568 889 1624 exornatae
908 1550 1142 1622 tommentis
1161 1551 1280 1621 variis
1304 1547 1403 1623 iabu-

391 1672 452 1744 lae
496 1671 709 1744 hominum
743 1687 896 1742 mentes
935 1672 1018 1768 ipsa
1057 1695 1149 1742 sera
1187 1671 1411 1747 narratione¹

279 1819 336 1872 su.
350 1834 378 1873 ι.
391 1789 588 1866 efficacius
606 1790 774 1863 delinire
788 1790 937 1878 solent;
986 1834 1036 1846 -
1086 1793 1310 1888 Gratiaque,
1333 1792 1402 1888 (in-

299 1898 344 1961 ᾧ
390 1913 501 2014 genii
527 1927 569 1985 et
589 1911 804 2003 orationis)
831 1935 932 2006 quae
960 1913 1094 1986 omnia
1122 1911 1244 1986 efficit
1275 1913 1403 1987 suauis

388 2033 642 2120 mortalibus,
678 2034 798 2106 etiam
815 2033 925 2130 quod
944 2033 1172 2108 incredibile
1192 2050 1270 2120 est,
1306 2031 1403 2107 adfe-

388 2154 515 2230 rendo
534 2156 572 2228 ei
588 2154 841 2255 dignitatem,
878 2151 999 2228 efficit
1014 2154 1199 2229 credibile
1218 2181 1401 2254 saepenu-
1421 2204 1424 2217 ι

387 2300 520 2351 mero:
554 2291 734 2375 tempora
753 2290 887 2348 tamen
909 2274 1047 2350 futura
1067 2294 1179 2351 testes
1198 2275 1399 2350 verissimi

387 2404 439 2473 At
453 2397 662 2471 hominem
682 2398 794 2472 decet
807 2423 964 2471 narrare
979 2396 1031 2470 de
1044 2396 1121 2470 diis
1132 2399 1295 2472 honesta
1301 2427 1313 2488 ;
1335 2399 1401 2472 mi·

387 2544 466 2593 nor
481 2521 592 2593 euim
608 2521 665 2593 sic
677 2521 794 2620 culpa
809 2538 866 2595 est
884 2519 1077 2618 [lingere]¹
1128 2524 1266 2616 ltaque
1281 2537 1333 2608 te,
1351 2517 1404 2593 lili
1420 2596 1424 2611 ,

388 2640 559 2727 Tantali,
573 2658 710 2715 contra
725 2668 846 2740 quam
861 2645 1083 2742 superiores
1100 2647 1250 2740 poetae,
1267 2639 1404 2727 dicam,
1421 2684 1424 2763 1

388 2761 550 2858 quando
566 2766 725 2838 rocauit
740 2782 863 2863 pater,
889 2783 933 2838 rt
953 2765 1233 2861 aequissimum
1249 2778 1344 2849 erat,
1358 2758 1413 2833 ad·

386 2885 523 2982 epulas
538 2910 729 2983 suamque
745 2889 940 2986 Sipylum,
962 2888 1136 2958 vicissim
1151 2881 1228 2955 diis
1244 2903 1407 2954 coenam

384 3006 595 3104 praebens,
631 3023 731 3081 tunc
755 3008 927 3082 tridente
952 3009 1147 3105 inclytum
1169 3003 1326 3100 [deum]
1347 3023 1404 3074 ra-

299 3165 371 3229 ω.
386 3128 522 3226 puisse
573 3171 622 3185 -
672 3129 873 3204 domitum
887 3130 1021 3202 animo
1034 3150 1180 3211 amore,
1205 3141 1402 3217 aureoque

310 3233 336 3289 ⁵
384 3274 506 3323 curru
523 3251 750 3327 altissimam
767 3253 942 3327 multum
951 3246 1165 3323 venerandi
1178 3243 1228 3316 ad
1237 3242 1394 3317 domum

383 3369 494 3443 Iouis
510 3373 584 3466 [te]
601 3377 864 3467 transtulisse,
889 3397 971 3469 quo
997 3372 1076 3443 alio
1095 3386 1276 3469 tempore
1294 3361 1392 3438 venit

384 3493 653 3589 Ganymedes,
688 3495 779 3568 Ioui
804 3492 910 3564 idem
940 3490 988 3564 ad
1015 3491 1292 3563 ministerium.
1350 3487 1377 3559 V
1422 3558 1425 3575 ,

383 3633 482 3683 vero
504 3638 588 3687 non
612 3615 913 3715 conspiciebaris
937 3614 1125 3716 amplius,
1156 3635 1231 3684 nec
1251 3606 1302 3680 ad
1322 3631 1358 3679 m
1420 3685 1425 3693 ,

384 3745 486 3804 trem
511 3737 687 3810 multum
714 3737 961 3831 inquirentes
984 3736 1063 3806 viri
1088 3749 1128 3804 te
1149 3730 1383 3822 reduxerant.

382 3854 514 3925 statim
530 3855 630 3929 clam
648 3857 747 3931 dixit
764 3858 905 3952 aliquis
917 3854 1150 3930 inuidornm
1158 3851 1372 3922 vicinorum

372 3961 484 4070 'aqua
511 3976 562 4050 ad
597 3980 729 4078 ignem
756 3978 1013 4052 vehementer
1045 3977 1224 4049 feruente
1265 3970 1329 4043 el·
1377 4054 1380 4061 Ι

382 4095 512 4170 cultro
537 4099 669 4196 (deos)
694 4101 924 4174 dissecuisse
950 4097 1143 4184 membra,
1176 4091 1346 4185 mensisq

380 4211 503 4292 frusta
525 4222 706 4297 carnium
727 4238 887 4296 tuarum
910 4217 1173 4304 distribuisse,
1210 4229 1251 4287 et
1273 4233 1378 4289 com.

1217 4330 1383 4406 'disse
