3092 5142
373 496 450 570 ¹32
481 447 484 451 ¹
792 454 955 550 Isthmia.

370 685 461 762 que‘
472 660 680 736 subierunt
703 663 875 761 plurima
898 654 1123 744 certamina,
1157 671 1196 730 et
1218 654 1380 753 tripodi-

240 873 242 878 ,
326 821 328 826 .
368 784 443 872 bus
459 794 701 854 ornauerunt
721 778 885 852 domum
904 779 941 850 el
958 777 1149 850 lebetibus
1165 777 1380 874 phialisque

371 878 520 988 aureis,
554 899 659 972 nacti
683 922 845 972 coronas
869 897 1057 971 victrices.
1127 897 1267 996 Fulget
1290 923 1381 970 vero

373 1024 473 1096 clara
497 1044 637 1094 eorum
665 1018 792 1092 virtus
815 1035 854 1112 et
879 1017 922 1088 in
949 1018 1142 1117 gymnicis
1163 1017 1318 1106 stadiis,
1350 1035 1384 1091 et

247 1152 315 1208 Am.
335 1163 360 1202 2·
374 1144 417 1217 in
445 1138 683 1236 scutistrepis
710 1139 867 1211 armatis
890 1138 1077 1212 cursibus.
1141 1182 1188 1196 -
1256 1147 1385 1243 Quan-

284 1235 328 1288 π’
375 1281 543 1358 tumque
564 1258 764 1334 manibus!
798 1258 938 1354 (lucta)
963 1276 1001 1332 et
1023 1259 1235 1334 iaculantes
1256 1261 1386 1349 hastis,

377 1399 416 1458 et
434 1402 564 1456 saxeos
580 1377 737 1476 quando
757 1381 973 1453 emiserunt
991 1376 1133 1455 discos!
1168 1385 1275 1455 Nam
1293 1404 1388 1452 non-

365 1504 476 1578 dum
493 1516 575 1605 erat
591 1489 901 1596 quinquertium,
927 1498 992 1574 sed
1009 1501 1169 1580 cuilibet
1187 1504 1388 1577 certamini

380 1648 499 1700 suum
527 1619 785 1695 constitutum
815 1635 895 1692 erat
921 1621 1152 1718 praemium.
1198 1631 1389 1728 rQuorum

382 1748 429 1842 (e
454 1739 925 1839 quibusxcertaminibus)
945 1741 1088 1815 'multis
1113 1742 1291 1817 redimiti
1318 1743 1389 1817 fre·

382 1880 549 1962 quenter
578 1859 785 1935 frondibus
817 1885 965 1949 comas,
1007 1878 1045 1937 et
1085 1887 1211 1961 prope
1243 1860 1389 1936 fluenta

280 1989 369 2057 and·
383 1987 523 2062 Dirces
539 2006 763 2081 apparuere,
781 1997 819 2054 et
835 2007 958 2081 prope
973 1988 1173 2071 Eurotam,
1212 2025 1258 2038 -
1291 1986 1391 2083 Iphi·

293 2068 371 2132 ψ’
386 2109 455 2182 clis
470 2105 630 2204 quidem
649 2094 751 2176 filins
768 2104 931 2199 (Iolaus)
949 2104 1148 2204 popularis
1164 2107 1390 2202 Spartorum

386 2223 715 2326 (Thebanorum)
741 2226 867 2322 genti,
907 2224 1150 2324 Tyndarides
1173 2251 1273 2299 vero
1297 2229 1391 2300 inter

387 2347 559 2421 Achaeos
593 2344 708 2418 altam
741 2345 968 2443 Therapnae
999 2336 1219 2421 inhabitans
1253 2347 1388 2420 sedem.

356 2497 358 2502 ·
390 2467 552 2544 Saluete.
612 2469 695 2564 Ego
720 2490 835 2555 vero,
868 2471 1139 2568 Neptunoque
1171 2468 1391 2566 Isthmoque

391 2587 531 2660 diuino
571 2585 868 2683 Onchestiisque
905 2589 1002 2686 ripis
1041 2589 1291 2686 concinnans*
1314 2582 1391 2664 can·

389 2724 497 2794 tum,
521 2706 718 2780 celebrabo
734 2709 854 2784 huius
874 2710 951 2783 viri
975 2711 1077 2783 inter
1096 2710 1268 2784 honores
1289 2713 1391 2784 incli-

275 2839 375 2905 arna.
391 2848 471 2902 tam
486 2826 707 2927 Asopodori
727 2832 846 2928 patris
867 2846 1032 2918 sortem,
1085 2873 1131 2886 -
1183 2810 1391 2905 'Orchome-

306 2922 350 2975 ω’
391 2951 512 3044 nique
537 2951 699 3047 patriam
716 2935 891 3028 terrani:
930 2977 1028 3048 quae
1052 2953 1184 3050 ipsum
1213 2954 1390 3026 innixum

391 3069 744 3170 naufragii-tabulis
760 3096 807 3143 ex
823 3073 1016 3147 immenso
1032 3073 1131 3145 mari
1145 3074 1188 3145 in
1204 3071 1390 3146 horrenda

393 3193 542 3290 excepit
568 3193 789 3265 calamitate.
841 3197 962 3266 Nunc
989 3218 1084 3266 vero
1111 3219 1249 3268 rursus
1273 3193 1390 3293 pn'sti·

392 3335 463 3384 nae
482 3309 587 3383 adest
608 3310 765 3404 fortuna
786 3314 990 3413 congenita
1009 3312 1213 3387 felicitatis.
1267 3312 1389 3409 Atqui

393 3447 596 3502 aerumnas
619 3435 800 3530 pertulit,
824 3437 857 3509 is
882 3436 1024 3508 mentis
1050 3437 1165 3518 etiam
1187 3427 1389 3533 prouiden-

224 3639 225 3643 ,
267 3545 335 3682 ²¹23
353 3557 378 3610 5·
394 3551 487 3623 tiam
509 3550 633 3625 adfert
657 3555 818 3651 (habet).
873 3594 920 3612 -
973 3561 1012 3633 Si
1035 3583 1130 3631 vero
1155 3555 1282 3628 virtus
1306 3555 1390 3649 (vir-

336 3651 345 3676 '
394 3670 489 3743 tutis
527 3675 772 3769 praemium.)
810 3676 853 3748 in
893 3681 1038 3774 quouis
1077 3674 1302 3754 studiorum
1337 3699 1390 3772 ge·

393 3815 488 3862 nere
530 3794 727 3891 proposita
760 3811 834 3883 est,
882 3800 1074 3872 sumtibus
1109 3797 1258 3894 pariter
1287 3811 1390 3890 atque

393 3908 591 3984 laboribus
620 3931 775 4010 oportet
804 3942 889 4005 eam
919 3920 1039 3992 nactis
1072 3917 1295 4017 magnificas
1318 3917 1390 3989 lau·

394 4024 461 4102 des
486 4055 566 4103 non
597 4034 745 4110 inuidis
770 4039 943 4112 tribuere
971 4041 1120 4112 animis.
1181 4043 1284 4113 Nam
1310 4039 1389 4111 leue

393 4146 544 4226 donum
558 4170 625 4258 ,est
651 4183 672 4230 a
697 4160 786 4234 viro
813 4161 984 4259 sapiente
1009 4162 1172 4261 (poeta)
1199 4185 1273 4260 pro
1297 4160 1392 4232 labo·

131 4356 134 4362 .
172 4280 175 4287 ¹
283 4331 291 4355 ·.
507 4358 509 4362 ,
1294 4281 1392 4354 ribus
