3092 5142
235 599 237 603 Ι
294 525 348 602 74
731 484 909 603 Pythia.¹
955 452 962 466 ι
1027 482 1032 489 ’

160 757 169 771 ,
290 693 612 790 hymnorumque
625 692 857 788 liquoribus,
870 691 1038 767 audiunt
1054 695 1204 769 alicubi
1214 697 1302 770 sub·

291 813 595 887 terris-vineole
618 815 773 901 animo,
799 839 909 888 snam
932 815 1180 904 felicitatem,
1204 815 1302 890 filio·

291 960 369 1031 que
394 958 608 1030 commune
635 934 754 1008 decus
782 937 960 1032 iusteque
985 936 1164 1032 debitum
1190 940 1304 1012 Arce·¹

291 1058 395 1146 silae,
409 1081 526 1154 quem
544 1060 586 1129 in
602 1057 723 1130 choro
738 1058 961 1130 canentium
978 1059 1176 1131 iuuenum
1193 1056 1303 1131 decet

291 1168 761 1276 aureo-ense-insig'nem
785 1177 991 1251 Phoebum
1016 1179 1231 1267 celebrare,
1255 1221 1302 1235 -·

291 1324 383 1371 cum
408 1298 547 1371 habeat
569 1325 617 1371 ex
643 1299 825 1396 Pythone
854 1301 1073 1400 'praemium
1100 1302 1309 1376 victoriale-

289 1423 569 1519 impensarum,
586 1428 739 1490 carmen
758 1420 989 1494 iucundum.
1018 1423 1166 1523 Virum
1185 1422 1301 1494 illum

288 1539 450 1612 laudant
465 1536 685 1638 prudenter.
722 1540 1033 1638 Vulgo-dictum
1049 1541 1150 1614 dico.
1187 1548 1300 1616 Prae·

180 1689 184 1695 ·
289 1663 515 1736 stantiorem
537 1677 658 1736 aetate
678 1677 851 1734 mentem
871 1663 958 1752 alit;
987 1663 1200 1761 linguaque
1218 1665 1299 1735 ani·

287 1785 423 1880 mique
455 1785 602 1857 virtute
631 1782 706 1853 alas
740 1782 961 1878 expandens
989 1785 1093 1856 inter
1116 1784 1300 1859 volucres

288 1906 418 2001 aquila
444 1920 511 1992 est,
537 1918 575 1976 et
595 1903 638 1975 in
663 1891 939 1977 certaminibus
968 1904 1074 1977 muri
1095 1905 1218 1978 instar
1238 1931 1300 1980 ro-

174 2060 178 2071 1
286 2023 364 2098 bur
388 2025 482 2123 (ipsi
502 2040 558 2096 est
566 2026 596 2118 ;)
622 2027 804 2120 interque
824 2026 958 2096 Musas
976 2023 1052 2096 ales
1071 2025 1202 2100 indea
1219 2053 1298 2101 ma·

168 2160 173 2170 '
287 2163 347 2220 tre
377 2170 480 2233 cara,
511 2145 802 2241 celebratusque
823 2150 1015 2237 curruum
1038 2146 1211 2255 agitator·
1227 2151 1297 2222 soi·

180 2277 233 2348 Ep·
246 2283 274 2348 4·
287 2284 362 2342 tus.
415 2309 464 2321 -
514 2267 562 2337 Et
585 2281 781 2363 quotquot
805 2282 896 2340 sunt
917 2264 1194 2365 indigenarum
1215 2270 1298 2344 lau·
1327 2364 1329 2369 Ι

195 2359 271 2478 ὥ,
287 2389 386 2465 dum
410 2389 516 2475 viae,
534 2388 746 2487 'aggressus
772 2404 829 2461 est
850 2389 929 2473 ille,
953 2413 1183 2485 numenque
1203 2391 1243 2464 ei
1260 2407 1298 2464 et

284 2537 393 2587 nunc
415 2510 633 2610 propitium
655 2507 806 2608 perlicit
825 2509 1026 2596 virtutem,
1052 2508 1163 2607 (facit
1180 2515 1226 2584 vt
1242 2538 1297 2588 as·

193 2677 205 2686 ··
285 2650 491 2732 sequatur,
515 2629 623 2727 quod
646 2629 906 2728 aggreditur‚)
928 2646 966 2701 et
986 2655 1082 2703 vero
1103 2633 1148 2706 in
1166 2640 1295 2731 poste-

205 2749 210 2758 ’
285 2783 389 2845 rum,
412 2780 437 2828 o
456 2752 628 2833 saturnii
645 2749 714 2838 dii,
737 2749 848 2837 detis,
860 2767 904 2823 vt
922 2752 965 2822 in
981 2748 1090 2824 factis
1105 2756 1294 2832 consiliis·

285 2904 362 2976 que
384 2877 523 2977 ¹habeat
545 2872 686 2969 (eam),
711 2896 763 2944 ne
782 2870 1173 2946 fructibus-exitialis
1204 2901 1293 2951 ven·

284 3017 419 3074 torum
446 2996 634 3071 hibernus
664 2989 780 3066 flatus
809 2991 940 3068 foedet
964 3019 1119 3068 aeuum.
1187 2999 1291 3071 Iouis

283 3122 422 3215 vtique
452 3139 562 3188 mens
582 3101 721 3211 magna
747 3112 937 3211 gubernat
963 3111 1167 3189 fortunam
1188 3119 1292 3192 viro·

283 3267 376 3316 rum
398 3238 523 3336 (ipsi)
549 3259 738 3306 carorum.
799 3239 942 3307 Precor
969 3261 1062 3308 eum
1085 3236 1291 3338 Olympiae

165 3334 169 3341 Ι
283 3365 383 3440 banc
398 3359 583 3457 (similem
598 3356 692 3428 huic
704 3354 909 3452 Pythicae)
922 3370 966 3429 vt
981 3338 1154 3433 conferat
1169 3361 1291 3436 victo·
1312 3368 1314 3372 '

284 3486 384 3564 riam
410 3480 457 3556 in¹
477 3479 578 3555 Batti
600 3499 733 3576 genus,
969 3467 973 3473 ’

162 1280 230 1337 Ant.
247 1289 275 1351 4.

190 1358 249 1421 ²4¹·
