3092 5142
545 528 705 608 Carmen
742 466 813 605 le
862 502 865 509 ¹
1113 545 1185 601 121

172 729 346 804 inmuni.
374 819 376 821 ι
408 731 563 825 Septem
585 725 691 797 enim
718 720 963 795 denotarunt
984 742 1106 820 pyrae
1130 717 1194 792 in·

173 874 296 926 venes
311 849 419 923 viros
425 874 435 935 ;
460 848 695 946 Amphiarao
714 859 846 918 autem
862 839 1006 928 diffidit
1024 841 1193 917 fulmine

136 1044 140 1054 ,
176 974 354 1046 violento
367 969 529 1066 ‘Iupiter
560 970 678 1062 latam
709 982 872 1053 terram,
915 961 1194 1059 absconditque

178 1115 384 1167 eumcum
403 1092 531 1186 equis,
584 1133 629 1146 -
683 1089 791 1184 hasta
802 1086 1064 1188 Periclymeni
1087 1100 1192 1158 ante·
1206 1076 1322 1215 920³ss

180 1238 298 1311 quarn
323 1227 433 1311 tergo
457 1235 663 1311 percussus
689 1209 784 1284 forti
808 1214 940 1311 animo
965 1205 1192 1310 pudefieret.
1261 1179 1285 1216 ¹⁹

179 1341 285 1413 Nam
298 1335 342 1406 in
364 1332 775 1423 diuinitus-immissis
794 1331 1009 1405 terroribus
1032 1328 1195 1430 lugiunt

181 1454 386 1561 etiamfilii
405 1455 583 1531 deorum.
637 1454 678 1530 Si
693 1451 779 1527 fieri
794 1469 933 1552 potest,
959 1479 985 1528 o
1001 1455 1195 1541 Saturnie,
1316 1514 1321 1520 .
1367 1509 1369 1512 ,

131 1639 135 1649 .
181 1581 399 1652 animosam
428 1579 528 1652 hanc
557 1573 1196 1653 Phoenicia-classe-aduectarurn

182 1702 382 1776 hastarum
400 1700 450 1774 de
468 1719 596 1773 morte
615 1716 653 1772 et
668 1699 747 1773 vita
763 1695 1056 1771 dimicationem
1072 1698 1197 1795 preci·

181 1819 842 1919 bus-amoueoquam'longissime3
866 1817 1197 1893 felicitatemvero
1253 1915 1255 1918 Ι

146 1943 863 2044 ·vlegibus-sapienter-constitutam,
897 1965 994 2041 rogo
1020 1957 1080 2029 te,
1106 1932 1197 2014 filiis*

183 2066 257 2141 diu
284 2071 540 2140 Aetnaeorum
564 2062 763 2160 praebeas,
816 2107 863 2119 -
904 2079 941 2137 'o
959 2065 1109 2165 Iupiter
1132 2059 1326 2162 pa.nuoa.7

182 2204 256 2275 ter,
280 2185 566 2280 decoribusque
582 2185 765 2257 ciuilibus
776 2183 986 2262 admoneas
999 2163 1197 2286 populum
1237 2143 1283 2198 η

185 2311 237 2402 (h.
261 2331 305 2385 ea
320 2304 610 2403 'eiimpertiasl
665 2310 765 2381 Sunt
783 2309 921 2405 vtique
942 2308 985 2382 in
1008 2330 1057 2383 eo
1077 2331 1200 2406 equo·

184 2455 281 2504 rum
301 2425 487 2516 studiosi,
502 2425 741 2523 diuitiisque
761 2426 912 2503 animos
933 2431 1117 2506 habentes
1136 2456 1200 2506 su·
1253 2490 1255 2493 ,
1292 2430 1294 2434 ’

182 2554 360 2652 periotes
386 2549 472 2624 viri
539 2547 769 2622 Incredibile
801 2548 892 2624 dixi.
956 2550 1229 2627 Verecundia-

185 2674 297 2748 enim
311 2674 582 2769 (honestarum
600 2695 733 2746 rerum
750 2673 947 2769 studium)
966 2674 1130 2748 latenter
1140 2675 1201 2748 lu·

185 2798 242 2868 cri
260 2792 473 2894 cupiditate
489 2791 664 2865 vincitur
675 2791 941 2890 (plerumque,
953 2794 995 2870 in
1010 2795 1086 2889 iis),
1102 2813 1201 2892 quae

185 2916 351 3016 gloriam
377 2915 552 2989 afferunt.
606 2913 793 2988 Chromin
818 2931 950 2991 autem
978 2920 1010 2993 si
1035 2911 1204 3020 armiger

187 3037 400 3111 adstitisses
415 3037 456 3109 in
478 3035 721 3135 pedestribus
735 3038 899 3136 pugnis,
929 3065 1204 3138 equorumque

188 3159 440 3255 nauiumque
455 3157 628 3258 praeliis:
652 3162 901 3257 cognouisses
921 3163 963 3237 in
978 3141 1204 3237 discrimine
1321 3206 1323 3210 >

149 3284 164 3313 ⁸
190 3295 326 3354 acutae
340 3304 514 3380 pugnae,
555 3321 600 3335 -
653 3278 761 3374 quod
776 3283 818 3357 in
833 3281 935 3356 bello
951 3282 1016 3363 illa
1030 3280 1101 3357 dea
1114 3287 1205 3381 (Ve-
1218 3284 1334 3354 noan

189 3399 398 3495 recundia')
415 3399 597 3473 incitabat
616 3401 702 3474 eius
719 3403 896 3481 animum
914 3404 1206 3493 bellicosum,vt

173 3523 451 3624 propulsaret·
469 3522 634 3598 exitium
656 3525 805 3599 Martis.
871 3527 990 3600 Pauci
1016 3550 1133 3615 vero,
1158 3524 1208 3599 ad
1237 3565 1240 3572 ·

193 3645 321 3720 caedis
337 3643 548 3744 praesentis
567 3642 715 3717 nubem
738 3647 920 3723 manibus
938 3636 1148 3746 animoque
1165 3651 1212 3722 in

193 3768 370 3840 hostium
405 3763 561 3837 ordines
587 3767 912 3857 conuertendam,
945 3756 1120 3845 'consiliis
1144 3796 1210 3866 va-

193 3891 287 3962 lent.
342 3887 500 3960 Dicitur
521 3910 611 3959 sane
632 3889 792 3962 Hectori
815 3888 977 3984 quidem
1001 3891 1118 3967 decus
1132 3865 1211 3966 llo-

194 4009 321 4084 ruisse
337 4006 559 4082 Scamandli
580 4006 728 4082 fluenta
743 4035 887 4115 prope;
914 4012 1211 4116 alte-praeeipi-

194 4148 251 4207 tes
268 4155 365 4204 vero
383 4132 480 4202 circa
497 4132 600 4231 ripas
616 4133 765 4222 Helori,
794 4177 839 4236 ε-
891 4160 971 4231 quo
983 4136 1071 4209 loco
1093 4142 1212 4212 Areae
1225 4141 1341 4218 onaa9

194 4252 421 4354 Traieotum
440 4251 624 4328 homines
651 4256 865 4358 appellant,
891 4255 1015 4360 fulget
1036 4247 1118 4335 lilio
1137 4258 1213 4334 hoc
1257 4227 1303 4292 97·

1081 4383 1213 4481 Agesi-
