3092 5142
550 500 710 635 Carmen
739 503 827 587 Vll.
968 496 973 504 ’
1139 526 1193 603 77

178 698 1180 737 W

538 872 717 974 ertu.
752 846 833 972 iu.

239 1080 601 1209 :nacacm
657 1081 1110 1217 ATHENIENsr.
1193 1037 1196 1045 ’

571 1222 811 1323 quadrigas.
880 1250 882 1255 ,

179 1366 487 1499 pulcerrimum
505 1414 645 1490 magna
660 1366 758 1464 νώέ
767 1391 940 1467 Athenae
958 1392 1087 1489 (sunt)
1104 1415 1196 1490 pro·
1209 1407 1264 1462 ser.
1279 1424 1305 1462 ι.

181 1520 383 1605 oemium,
417 1538 498 1610 quo
525 1507 891 1588 Alcmaeouidarum
921 1513 997 1587 late
1012 1566 1029 1583 .
1044 1514 1198 1613 potenti

182 1641 298 1741 stirpi
332 1634 636 1736 fimdamentum
667 1633 888 1721 carminum
918 1634 961 1706 in
979 1633 1198 1735 quadriga·

153 1789 274 1839 rum
308 1758 471 1835 victoria
504 1757 675 1830 iaciatur.
747 1753 952 1850 Siquidem
984 1778 1197 1850 quamnam
1282 1839 1285 1844 ,

182 1884 346 1969 tribum,
360 1903 557 1976 quamque
574 1875 762 1961 familiam
776 1875 1014 1952 habitantem
1028 1877 1071 1948 in
1080 1880 1197 1950 Grae·

182 2009 240 2081 cia
260 2000 482 2105 praedicem
499 1997 602 2072 fama
623 1999 902 2073 illustriorem?
930 2040 976 2091 ·.·
1009 2003 1055 2071 In
1068 2001 1196 2074 omni·
1210 2009 1277 2064 Ant·
1294 2014 1325 2078 o

181 2127 257 2202 bus
287 2123 395 2198 enim
420 2121 647 2196 ciuitatibus
667 2117 770 2193 fama
792 2135 970 2194 versatur
988 2121 1197 2196 Erechthei

182 2232 361 2333 ciuium,
407 2238 843 2339 (Alcmaeonidarum,)
889 2241 960 2338 qui
995 2255 1126 2331 tuam,
1171 2267 1196 2321 o

182 2368 338 2469 Apollo,
361 2363 499 2438 aedem
516 2364 558 2437 in
574 2364 754 2462 Pythone
771 2362 910 2436 diuina
930 2361 1197 2438 admirandam

183 2499 471 2567 exstruxerunt.
539 2485 751 2584 Impellunt
785 2509 881 2558 vero
912 2486 1030 2559 etiam
1057 2511 1121 2560 me
1148 2485 1197 2560 ad
1321 2527 1326 2539 =

182 2608 406 2688 canendum
427 2606 602 2702 quinque
628 2606 671 2681 in
698 2605 847 2681 Isthmo
872 2605 1078 2696 victoriae,
1103 2633 1199 2681 vna·

183 2759 264 2833 que
288 2728 523 2833 praecellens
550 2721 659 2833 apud*
680 2726 788 2800 Iouis
812 2728 1056 2826 Olympiam,
1080 2727 1198 2802 duae-

182 2834 319 2953 que'e
349 2847 505 2937 Cirrha,
557 2888 603 2902 ·-
656 2862 827 2936 vestrae,
865 2873 889 2921 o
916 2850 1130 2948 Megacles,
1161 2867 1199 2924 et
1212 2852 1303 2926 ΕΜ
1347 2898 1350 2904 ·

183 2971 497 3076 progenitorum.
550 2969 716 3066 Nupero
738 2985 872 3043 autem
896 2993 1073 3044 successu
1092 2968 1199 3045 felici
1239 2936 1280 3014 ¹⁵:

183 3091 338 3196 gaudeo
363 3090 624 3194 aliquantum3
647 3085 689 3160 id
714 3114 810 3164 vero
836 3088 970 3178 doleo,
1002 3091 1199 3167 inuidiam

183 3215 364 3319 excipere
378 3209 571 3311 praeclara
583 3205 765 3285 facinora.
794 3213 915 3286 Aiunt
930 3212 1077 3310 vtique,
1087 3218 1198 3304 (noto
1306 3288 1309 3293 .

183 3337 309 3430 dicto)
331 3333 386 3409 sic
403 3330 578 3418 homini,
606 3330 649 3402 in
670 3331 796 3405 stabili
819 3334 934 3407 etiam
955 3329 1198 3431 florenteque

183 3456 391 3547 felicitate,
424 3449 618 3549 quandam
641 3467 771 3527 tamen
796 3481 932 3550 rerum
961 3455 1198 3534 vicissitudi-

184 3602 277 3652 nem
307 3570 479 3650 accidere
503 3576 636 3651 solere.

583 3913 811 3941 ψ--ο-κ-
836 3886 840 3893 “
