3092 5142
190 456 220 573 ¹·
301 542 348 595 12
448 592 451 597 ,
661 514 898 617 -Olympia
977 550 981 559 ·

295 704 648 808 Hyperboreorum
665 709 859 807 Apollinis
875 708 1018 782 cultori
1036 711 1227 808 persuasit
1244 737 1311 810 pe·

276 832 434 934 *tiitque
452 829 518 903 ille
541 826 658 927 fidam
680 832 914 906 memoriam
934 856 1092 906 sernans
1111 835 1219 907 Iouis
1239 835 1310 906 ho·

234 972 239 1057 j
293 952 422 1051 spitali
442 952 533 1025 luco
552 950 783 1026 vmbrosum
803 977 988 1053 germen,¹
1001 952 1309 1049 hominibusque

292 1073 411 1146 simul
439 1073 599 1147 virtutis
632 1098 829 1148 coronam.
896 1079 977 1171 lam
1011 1075 1118 1146 enim
1146 1091 1235 1148 tum
1261 1076 1309 1163 ei,

290 1208 379 1289 post
397 1216 479 1266 aras
498 1192 599 1291 patri
625 1210 882 1285 consecratas,
909 1201 1019 1269 Luna
1042 1222 1163 1271 curru
1187 1223 1308 1271 aureo

290 1331 418 1404 vecta,
449 1315 595 1413 (antea)
621 1313 842 1401 dimidiata,
870 1314 989 1412 pleno
1009 1319 1082 1393 sub
1101 1344 1307 1418 vesperam

290 1437 441 1510 lumine
455 1437 660 1524 affulserat,
700 1478 749 1492 -
801 1436 958 1534 iamque
972 1460 1208 1536 magnorum
1223 1463 1305 1511 cer·

289 1559 484 1631 taminum
517 1573 694 1631 sanctum
725 1557 922 1632 iudicium
954 1557 1148 1654 ludosque
1185 1558 1307 1631 simul

290 1679 603 1775 quinquennales
630 1681 852 1755 instituerat
874 1679 1029 1764 diuinas
1051 1678 1100 1753 ad
1120 1681 1223 1777 ripas
1244 1680 1309 1754 Al·

257 1844 260 1849 -
289 1800 411 1899 pheit'
437 1799 506 1874 sed
527 1800 708 1875 nondum
733 1803 888 1901 pulcras
915 1804 1069 1876 arbores
1089 1801 1313 1900 progermi-¹

287 1921 404 1994 nabat
425 1947 516 2020 ager
538 1923 694 2022 Pelopis
711 1925 754 1997 in
776 1923 938 2022 planitie
957 1923 1129 2000 Saturnii
1147 1921 1305 2017 (collis).

132 2034 136 2041 ¹
198 2084 205 2097 ·
287 2043 359 2116 His
381 2041 590 2117 destitutus
613 2046 722 2119 locus
741 2069 930 2118 amoenus
953 2070 1080 2140 quum
1104 2038 1310 2115 videretur*

174 2168 193 2233 ’.
288 2165 326 2237 ei
343 2165 467 2238 acutis
485 2166 678 2241 obnoxius
692 2193 774 2242 esse
791 2165 909 2240 radiis
930 2166 1042 2254 solis,
1066 2179 1153 2239 tum
1171 2164 1214 2236 in
1229 2179 1309 2236 ter·

287 2310 373 2358 rarn
400 2287 552 2360 Istriam
578 2303 622 2360 vt
652 2288 904 2362 contenderet
930 2290 1084 2363 animus
1110 2311 1202 2359 eum
1230 2286 1308 2357 im-

181 2407 273 2474 Epor!
246 2408 403 2532 6pulit.
457 2451 504 2465 -
556 2408 615 2483 Ibi
633 2410 802 2483 Latonae
820 2435 1015 2507 equorum
1032 2408 1208 2508 agitatrix
1225 2405 1309 2479 filia

155 2538 158 2545 '
189 2552 192 2557 ’
193 2478 273 2550 am
289 2527 440 2627 excepit
459 2529 686 2611 venientem
700 2529 1043 2629 Arcad1aea1ug1s
1058 2546 1095 2604 et
1112 2531 1218 2603 varie
1236 2526 1308 2602 fle·

287 2651 421 2723 xuosis
446 2651 678 2740 recessibus,
714 2676 842 2748 quurn
863 2654 974 2728 iussu
996 2651 1208 2749 Eurysthei
1237 2677 1308 2725 ne·

288 2772 442 2846 cessitas
462 2796 489 2853 a
514 2788 624 2872 patre
648 2773 833 2872 imposita
855 2759 1041 2870 coegisset
1065 2799 1158 2846 eum
1179 2770 1309 2845 addu-

288 2919 375 2989 cere
397 2895 645 2969 auricomem
670 2919 847 2981 ceruam,
874 2918 992 2990 quam
1017 2894 1113 2966 olim
1130 2899 1307 2991 Taygeta

151 3100 154 3105 ,
173 3001 229 3143 de
243 3015 269 3070 ὅ·
286 3016 437 3100 Dianae
449 3014 629 3089 dedicans
639 3040 784 3090 sacram
800 3016 1054 3115 inscripserat.
1093 3058 1139 3071 -
1191 3021 1306 3090 Hanc

231 3111 238 3127 ⁸
285 3137 494 3239 insequens
517 3135 620 3212 vidit
640 3152 679 3211 et
697 3137 805 3211 illam
828 3153 990 3228 terram,
1014 3136 1129 3211 flatus
1148 3163 1170 3210 a
1190 3121 1323 3235 tergo
1346 3198 1348 3205 Α

284 3263 431 3332 Boreae
458 3257 601 3358 frigidi.
655 3258 716 3333 Ibi
739 3260 896 3334 arbores
921 3259 1135 3345 admiratus
1158 3262 1305 3332 consti-

283 3381 352 3469 tit;
390 3377 582 3475 dulceque
602 3406 707 3479 'eum
739 3383 869 3457 tenuit
902 3380 1160 3469 desiderium,
1200 3382 1304 3454 circa

189 3526 192 3531 ·
259 3501 470 3575 curriculi
499 3500 688 3597 equestris
716 3516 863 3575 metam
893 3500 1103 3575 duodecies
1132 3481 1330 3573 (ῑίιπεωιι-Ι

282 3620 501 3696 vehendam
527 3645 588 3694 eas
614 3621 824 3720 plantandi.
892 3630 1019 3721 Atque
1046 3622 1163 3696 etiam
1191 3647 1301 3694 nunc

282 3730 332 3815 a‘d
361 3743 437 3817 hoc
466 3741 652 3816 sollemne
684 3743 881 3841 propitius
916 3746 1026 3819 venit
1060 3767 1152 3816 cum
1194 3742 1300 3814 alte-

155 3852 267 3996 ‘⁴24³'
284 3863 430 3935 cinctae
456 3859 582 3936 Ledae
608 3863 774 3962 geminis
798 3865 946 3940 diuinis
972 3864 1071 3939 liliis.
1126 3905 1172 3918 -
1227 3865 1303 3938 His'

127 4050 130 4055 .
209 4080 216 4091 ·
283 3981 616 4067 enimlmandauit
637 3986 767 4059 abiens
791 3986 839 4059 ad
857 3989 1093 4086 Olympum,
1120 4001 1164 4058 vt
1190 4012 1302 4085 rege·

282 4123 371 4182 rent
392 4104 541 4178 celebre
566 4104 827 4201 virorumque
849 4105 898 4178 de
917 4106 1066 4179 virtute
1089 4131 1301 4182 curruum-

283 4253 361 4328 que
398 4224 526 4302 veloci
556 4224 764 4322 agitatione
807 4241 1012 4301 certamen.
1073 4231 1145 4303 Me
1176 4229 1301 4326 igitur

1142 4348 1301 4425 animus

121 1435 126 1444 ·
163 1412 231 1471 Ant.
249 1430 275 1470 2.

193 1499 240 1555 57·
