3092 5142
911 319 923 355 l

557 485 816 572 Carmen-Vl.
864 493 868 499 ’
1116 518 1194 594 109

174 685 219 760 in
245 681 449 784 Epidauro
482 679 631 782 duplex
664 677 862 758 vincendo
890 677 1033 772 decus,
1064 669 1112 759 ¹et
1144 685 1195 761 ad

173 807 417 885 vestibulum
442 804 557 878 Aeaci
582 799 699 877 flores
724 806 896 878 virentes
921 805 1056 880 tulisse
1081 832 1194 883 coro·

171 955 263 1020 nas,
287 924 478 1003 beneficio
501 922 698 1000 flauarum
724 924 938 1000 Charitum.

532 1484 534 1489 ,
562 1400 708 1478 ΝΕΜ.
735 1401 799 1475 VI„
1218 1503 1227 1514 Ι

191 1585 642 1692 'uncturum
699 1578 1121 1691 nrsrnnrnu
1205 1720 1207 1725 ι
1303 1596 1307 1603 ’

402 1733 522 1796 Inter
557 1746 708 1808 pueros
737 1715 962 1790 luctatori.

168 1871 329 1976 Vnum
347 1898 534 1994 idemque
551 1891 764 1968 hominum
782 1890 1028 1992 deorumque
1053 1920 1191 1995 genus,
1203 1914 1259 1997 tar.
1273 1932 1300 1972 ι.

171 2046 218 2093 ex
230 2002 595 2117 unaquespiramus
612 2027 737 2086 matre
753 2014 928 2110 Vtrique:
954 2013 1106 2090 dirimit
1124 2043 1192 2092 ve·

170 2165 218 2214 ro
239 2139 489 2236 (utrumque)
507 2156 668 2235 prorsus
683 2132 840 2209 diuersa
858 2137 936 2244 vis,
956 2137 1012 2212 ita
1030 2154 1071 2213 vt
1088 2138 1190 2215 illud
1266 2205 1272 2222 ,

171 2261 335 2360 quidem
359 2259 462 2334 nihil
486 2259 536 2332 sit
544 2284 556 2346 ;
596 2280 754 2331 aereum
778 2283 874 2333 vero
899 2256 1011 2334 firma
1033 2285 1190 2361 semper

171 2383 281 2459 sedes
303 2371 434 2457 manet
455 2382 621 2454 coelum.
680 2384 828 2455 Verum
849 2380 982 2477 aliquo
997 2384 1119 2458 modo
1139 2385 1190 2459 si-

169 2507 285 2579 miles
300 2529 438 2579 sumus
452 2520 583 2579 tamen
600 2519 688 2576 tum
697 2499 843 2594 excelsa
856 2520 987 2577 mente
1001 2521 1090 2580 tunr
1103 2531 1190 2581 cor·

168 2651 270 2726 pore
292 2627 601 2702 immortalibus:
646 2621 799 2696 tametsi
827 2624 1061 2715 nescientes,
1095 2652 1188 2701 cum

168 2770 240 2845 per
252 2759 423 2836 noctem,
437 2765 536 2826 ‚tum
553 2742 728 2822 interdiu
745 2767 957 2841 quamnam
971 2758 1044 2819 nos
1059 2745 1188 2821 fatum

167 2859 326 2942 iusserit
351 2889 510 2940 currere
524 2863 573 2939 ad
593 2882 747 2939 metam.
779 2907 826 2920 -
877 2862 1037 2939 Iudiciis
1052 2883 1187 2942 autem
1199 2893 1314 2969 Astu.

167 2989 284 3064 certis
313 2984 528 3076 Alcimidas,
545 3001 584 3058 et
602 3011 711 3078 nuuc
729 2987 887 3061 exhibet
912 2988 1187 3084 cognationem

167 3105 485 3208 conspiciendam
510 3108 679 3182 similem
697 3106 896 3209 frugiferis
916 3108 1041 3196 aruis,
1084 3133 1186 3206 quae

166 3232 398 3306 alternantia
417 3227 627 3325 aliquando
650 3229 812 3327 quidem
836 3231 987 3304 victum
1013 3229 1187 3305 homiui·

164 3353 240 3428 bus
270 3364 450 3426 annuum
474 3375 497 3423 e
522 3351 667 3449 campis
698 3351 813 3440 dare,
853 3340 1063 3449 aliquando
1086 3377 1185 3454 vero

164 3470 305 3548 rursus
325 3473 560 3569 quiescentia
583 3472 756 3570 recipere
772 3473 907 3547 solent.
961 3473 1096 3550 Rediit
1108 3475 1185 3549 vti·
1262 3526 1264 3530 -

164 3621 244 3694 que
262 3597 438 3668 Nemeae
456 3618 504 3666 ex
527 3593 758 3667 amabilibus
783 3593 1062 3690 certaminibus
1081 3621 1186 3695 puer
1226 3658 1229 3663 .

163 3731 354 3804 certator,
379 3716 468 3811 qui,
494 3716 594 3788 hanc
618 3731 840 3811 consectans
864 3720 1038 3790 a-Ioue.
1052 3714 1183 3792 datam

164 3851 334 3923 sortem,
357 3859 467 3910 nunc
485 3839 667 3936 apparuit
683 3861 764 3911 non
780 3835 974 3915 infaustus
991 3837 1098 3912 lucta
1115 3866 1184 3916 ve·

161 3974 280 4032 nator
332 3997 379 4011 -
433 3959 607 4057 vestigiis
631 3958 938 4034 Praxidamantis
965 3985 1084 4035 suum
1114 3989 1181 4062 pe·
1195 3989 1307 4064 ΕΜ,

163 4079 262 4155 dem
274 4074 439 4176 infigens
461 4081 711 4179 ani-paterni
726 4081 1178 4183 eodem-sanguineorti.

161 4203 233 4276 llle
258 4201 386 4290 enim,
425 4198 658 4302 Olympicus
678 4204 827 4298 victor,
859 4205 904 4281 in
922 4203 1179 4282 Aeacidarum

1050 4328 1210 4409 hono·.
