3092 5142
291 534 346 608 44
730 504 872 608 Pythia.

288 699 493 798 centiceps,
516 723 636 795 quent
654 697 749 771 olim
765 699 948 772 Cilicium
970 688 1167 775 enutriuit
1183 698 1306 775 famo·

288 847 377 895 sum
395 824 551 893 antrum
559 843 576 892 ε·
595 843 702 889 nunc
720 842 816 892 vero
842 820 881 894 et
896 810 1015 920 supra
1032 826 1174 897 Cumas
1189 816 1305 897 mari·

287 960 394 1041 septa
407 942 549 1017 'littora
571 956 610 1013 et
629 940 758 1014 Sicilia
775 944 860 1016 eius
880 946 1027 1042 premit
1043 959 1204 1043 pectora
1226 948 1304 1021 hir-

287 1079 391 1150 suta,
415 1063 676 1158 columnaque
694 1063 872 1139 coelestis
893 1068 1024 1163 (euru)
1043 1065 1224 1154 cohibet,
1247 1050 1308 1139 ni.¹

286 1208 381 1256 vosa
397 1185 537 1270 Aetna,
561 1207 632 1278 per
655 1197 785 1254 totum
808 1209 956 1260 annum
978 1188 1074 1259 acris
1101 1188 1210 1261 niuis
1233 1213 1312 1259 nu-¹

176 1290 271 1432 εἴ·
288 1305 382 1377 trix:
434 1348 481 1357 —-
543 1305 653 1375 cuius
679 1319 907 1381 eructantur
927 1305 1108 1380 inaccessi
1133 1305 1236 1403 ignis
1259 1302 1302 1380 li?

287 1410 508 1520 quidissirni
530 1450 577 1498 ex
597 1424 775 1497 cauernis
794 1425 940 1513 fontes,
968 1425 1165 1523 fluuiique
1184 1427 1306 1500 inter-¹

285 1545 358 1619 diu
392 1545 642 1646 profundunt
677 1547 870 1618 vorticem
909 1544 1013 1621 fumi
1050 1546 1279 1623 candentem
1288 1574 1297 1637 ;
1329 1546 1334 1565 '

285 1683 407 1740 noctu
426 1691 521 1740 vero
540 1666 810 1742 saxavoluens
837 1652 1056 1740 rubicunda
1073 1667 1233 1769 flamma
1259 1671 1299 1743 in

285 1788 531 1889 profundum
554 1788 679 1862 defert
706 1793 825 1863 maris
844 1813 991 1884 aequor
1015 1815 1108 1862 cum
1135 1790 1309 1890 fragore.-

286 1911 349 1986 Sic
366 1910 432 1981 illa
450 1909 580 1982 bellua
596 1911 761 1984 Vulcani
779 1898 951 2009 gurgites
973 1911 1198 2001 horrendos
1224 1915 1303 2005 eie·¹

285 2049 378 2120 ctat3
404 2030 631 2131 prodigium
646 2030 808 2128 quidem
827 2031 1005 2103 mirabile
1021 2032 1220 2132 adspectu,
1227 2037 1299 2108 mi-

175 2200 180 2208 ·
258 2155 460 2227 ‚taculum
483 2177 576 2226 vero
593 2167 630 2224 et
652 2155 719 2239 iis,
744 2154 815 2248 qui
832 2151 1012 2240 adfuere,
1037 2155 1198 2244 auditu,
1251 2142 1338 2211 -'

154 2258 225 2398 1²22·
242 2274 268 2312 ²·
284 2272 486 2370 quomodo
509 2278 651 2356 Aoniae
670 2276 774 2347 inter
796 2271 1093 2372 nigri-frondes
1120 2274 1298 2375 alligatus

227 2370 234 2383 ⁰
281 2396 331 2468 sit
340 2396 534 2492 (Typhos)
545 2396 710 2468 vertices
723 2396 898 2492 imasque
912 2393 1078 2484 radices3
1095 2395 1298 2519 lectusque
1334 2380 1337 2385 ⁵

280 2518 478 2591 lancinans
495 2532 625 2589 totum
638 2516 800 2591 dorsum
811 2516 931 2612 (solo)
946 2515 1179 2590 acclinatum
1195 2542 1298 2617 pun·

281 2654 353 2737 gat.
373 2639 549 2739 ¹Vtinam,
568 2640 729 2737 Iupiter,
746 2639 820 2711 tibi
834 2638 982 2710 vtinam
1000 2637 1191 2736 probatus
1208 2640 1295 2727 sim,
1315 2655 1327 2723 ,Γ

255 2750 260 2765 ’
281 2762 352 2856 qui
365 2760 473 2833 hunc
488 2761 610 2833 tueris
625 2755 803 2836 montem
818 2756 958 2829 fertilis
969 2773 1093 2835 terrae
1108 2758 1296 2850 frontem,

280 2882 394 2954 cuius
425 2883 658 2978 cognomine
687 2866 1056 2963 inclitusconditor
1084 2882 1298 2955 illustrauit

278 3000 415 3076 vrbem
431 2999 620 3091 vicinam3
642 3001 739 3074 dum
749 2999 951 3097 Pythiadis
964 3001 1007 3073 in
1023 3026 1140 3076 cursu
1154 3028 1297 3102 praeco

278 3123 536 3223 proclamauit
555 3146 659 3209 eam,
671 3123 946 3218 pronuntians
964 3143 1131 3225 propter
1153 3126 1297 3200 Hiero.

173 3268 263 3339 Epor.
278 3249 340 3318 nis
358 3241 553 3342 splendidi
570 3242 731 3316 victoris
785 3288 831 3300 -
885 3269 1033 3329 currus.
1092 3246 1297 3343 Nauigau·

175 3356 203 3397 ²·
219 3342 263 3420 ⁶4·
278 3366 383 3440 tibus
406 3390 502 3438 vero
526 3365 733 3463 praecipua
758 3363 922 3439 felicitas
939 3391 980 3438 ea
999 3361 1204 3462 contingit,
1232 3388 1295 3435 na·
1324 3416 1327 3421 -

188 3546 191 3551 .
278 3488 520 3587 vigationern
551 3486 842 3583 auspicantibus
874 3485 1069 3561 secundus
1102 3484 1136 3558 si
1162 3486 1303 3557 veniat·

256 3626 439 3697 ·ventus;
486 3609 579 3681 hinc
607 3608 713 3681 enim
733 3609 969 3696 verisimile,
1004 3609 1121 3681 etiam
1150 3607 1193 3679 in
1217 3603 1293 3679 fine

276 3728 430 3804 felicem
446 3729 617 3802 reditum
633 3754 699 3804 eos
717 3735 1007 3805 consecuturos.
1061 3735 1188 3824 Atque
1198 3727 1293 3805 haec

276 3854 377 3927 ratio
393 3853 505 3925 hasce
528 3835 688 3949 propter
706 3852 887 3924 victorias
906 3875 1016 3950 spem
1038 3848 1164 3923 adfert
1182 3847 1291 3922 dein·

277 3999 366 4072 ceps
390 3971 566 4047 futuram
594 3997 674 4046 esse
697 3978 860 4048 Aetnam
884 3973 1076 4044 coronatis
1100 3973 1213 4068 equis
1234 3972 1290 4042 in·

277 4095 427 4180 clitam,
485 4083 779 4190 dulcisonisque
813 4093 1065 4191 (victorum)
1091 4092 1288 4166 conuiuiis

183 4220 186 4225 ’
277 4217 480 4291 celebrem.
535 4215 707 4313 OLycie
723 4231 761 4289 et
778 4213 1286 4314 Delo-imperansPhoebe‚

1098 4334 1287 4420 Parnassi·
