3092 5142
169 559 213 580 Η
290 496 345 572 24
464 476 467 483 '
539 540 542 554 ,
678 467 893 573 ··Olympia.
976 494 979 499 ⁴

169 664 172 667 ’
260 696 263 702 ⁴
289 662 350 738 Ibi
367 685 459 736 cum
474 658 619 737 Rhodo
634 662 813 762 nympha
832 685 1085 736 consuescens
1102 663 1244 761 genuit
1257 687 1307 737 se·

169 815 171 821 ·
266 801 268 805 ’
290 799 398 884 ptem
415 783 708 883 sapientissimis
721 784 893 858 consiliis
903 783 1103 856 maiorum
1118 786 1307 857 memoria

293 904 416 979 claros
434 902 561 992 filios,
588 928 762 1001 quorum
788 905 893 978 vnus
915 904 1116 977 Camirum
1136 919 1309 1001 natuque

293 1011 513 1100 maximum
540 1028 713 1126 Ialysum
743 1024 882 1124 genuit
910 1039 950 1097 et
981 1023 1167 1098 Lindum.
1234 1025 1310 1126 Qui

176 1153 179 1160 ’
200 1150 201 1154 ’
235 1241 237 1246 ,
276 1203 277 1207 ,
293 1127 441 1247 singuli
456 1147 663 1246 separatim
677 1147 862 1220 tenebant
878 1161 1021 1219 terram
1033 1143 1226 1218 trifariam
1240 1144 1310 1220 dis·

294 1269 442 1369 pertiti,
468 1283 669 1368 paternam
679 1269 839 1342 vrbium
857 1281 1013 1352 sortem,
1036 1280 1228 1361 erantque
1240 1265 1309 1338 hae

184 1399 279 1468 Str-s
295 1416 435 1465 eorum
464 1387 583 1465 sedes.
638 1431 686 1445 -
737 1387 798 1479 Ibi
831 1385 1054 1486 praemium
1087 1386 1310 1460 calamitatis

193 1478 254 1543 ψ’
294 1501 535 1590 miserandae
559 1508 785 1583 iucundum
803 1509 1034 1607 Tlepolemo
1053 1509 1311 1582 constitutum
1347 1594 1348 1598 Ἰ

172 1644 174 1648 ”
295 1650 353 1708 est
376 1633 684 1733 Tirynthiorum
698 1628 812 1718 duci,
850 1645 1052 1727 tamquam
1068 1629 1164 1720 deo,
1200 1653 1310 1729 peco-

293 1780 466 1852 rumque
481 1752 666 1829 nidorosa
687 1777 851 1852 pompa,
882 1768 921 1826 et
942 1751 1139 1827 iudicium
1157 1748 1209 1823 de
1235 1773 1309 1822 cer-

293 1878 525 1962 taminibus
583 1881 768 1977 Quorum
793 1871 958 1948 floribus
981 1873 1174 1970 Diagoras
1201 1894 1308 1944 coro·

294 2011 410 2071 natus
432 2011 489 2070 est
508 1996 586 2083 bis,
610 1996 832 2093 celebrique
859 1995 903 2069 in
922 1994 1073 2068 Isthmo
1091 2007 1232 2089 quater
1254 1990 1307 2064 vi-

131 2136 137 2155 *
234 2102 235 2107 ¹
296 2132 400 2206 otor,
423 2123 676 2213 Nemeaeque
700 2118 873 2217 saepius,
906 2130 945 2191 et
967 2113 1112 2215 asperis
1128 2112 1289 2188 Athenis
1296 2136 1306 2199 ;

166 2227 281 2366 ‘⁴:¹35
297 2279 344 2294 -
396 2238 668 2338 Argiuumque
691 2263 753 2312 aes
776 2243 958 2336 (scutum
976 2236 1170 2328 aeneum)
1200 2233 1310 2307 nouit

199 2356 204 2365 ’Ν
295 2385 402 2448 eum,
428 2359 693 2456 Arcadiaeque
710 2377 748 2434 et
764 2361 992 2455 Thebarum
1008 2356 1233 2443 certamina,
1254 2355 1310 2426 lu·

295 2476 418 2576 dique
439 2479 605 2580 legitimi
628 2483 800 2573 Boeotii;
834 2482 980 2582 Aegina
1003 2479 1240 2571 Pellenaque
1257 2475 1310 2548 vi·

190 2587 196 2601 ’
297 2615 447 2675 ctorem
464 2604 604 2691 sexies;
645 2604 897 2706 Megarisque
922 2601 1029 2677 idem
1053 2595 1230 2697 lapideae
1252 2619 1310 2668 co·

236 2708 249 2730 ⁸
290 2720 456 2796 ‘lumnae
473 2724 684 2824 inscriptus
697 2740 754 2799 est
771 2726 921 2800 titulus.
960 2726 1008 2798 At
1023 2722 1174 2820 Iupiter
1191 2726 1309 2806 Pater,

207 2844 209 2849 ’
295 2843 340 2915 in
358 2843 462 2943 iugis
478 2825 658 2944 Atabyrii
683 2844 903 2939 dominans,
930 2847 1081 2923 honora
1100 2843 1309 2940 hymnum,
1347 2915 1348 2918 ,

186 2934 281 3077 Ἢ
298 2956 635 3067 Olympicumque
646 2961 841 3068 victorem
893 3012 940 3027 —
992 2965 1172 3069 pugilatu
1189 2964 1312 3037 virtu·

295 3086 346 3160 tis
364 3085 486 3161 *decus
505 3089 686 3175 nactum}
725 3086 854 3185 daque
879 3092 917 3167 ei
941 3086 1312 3185 venerandamtgra·

295 3209 392 3281 tiam
418 3224 456 3282 et
478 3207 583 3307 apud
599 3210 726 3299 ciues,
757 3227 797 3286 et
818 3212 924 3312 apud
942 3205 1193 3312 peregrinos,
1217 3230 1313 3302 quo·
1344 3201 1346 3205 ’

200 3347 204 3354 ⁴
240 3379 245 3388 -
294 3328 405 3402 niam
440 3327 872 3409 inimica-insolentiae
906 3335 971 3408 via
1011 3347 1116 3406 recta
1148 3325 1312 3413 incedit;

295 3450 419 3550 probe
436 3450 570 3551 sciens,
595 3476 695 3549 quae
715 3481 809 3528 eum
825 3470 930 3566 recta
946 3479 994 3529 ex
1007 3449 1121 3525 bonis
1137 3445 1313 3545 patribus

238 3624 240 3627 v
294 3597 406 3647 mens
422 3587 567 3647 monet.
622 3576 719 3649 Noli
736 3577 943 3656 obscurare
958 3556 1211 3649 communem'
1226 3566 1314 3639 stir-

294 3717 388 3791 pem
415 3693 667 3784 Callianactis‚
694 3696 1023 3794 Eratidarumque
1040 3695 1190 3769 decora.
1248 3691 1316 3761 Ce-

294 3811 420 3886 lebrat
443 3814 642 3912 (quidem)
668 3814 765 3890 festa
791 3820 980 3893 conuiuia
1009 3817 1128 3917 etiam
1163 3809 1312 3882 ciuitas.

295 3937 385 4008 Vno
420 3947 551 4006 tamen
578 3955 782 4012 momento
808 3938 999 4040 temporis
1021 3937 1113 4010 alias
1135 3933 1233 4007 aliae
1258 3931 1317 4003 in·

224 4105 227 4114 ·
294 4071 445 4155 gruunt
468 4080 595 4132 aurae.

553 4226 1039 4261 'm

1134 4303 1317 4391 ornus.
