3092 5142
1417 477 1418 571 l

1184 658 1187 663 ,
1415 603 1418 656 l

361 697 493 771 lucem
510 695 659 777 lamus;
684 714 804 787 quem
820 691 884 764 illa
895 689 1058 787 quidem
1067 686 1207 763 dolens
1218 690 1384 789 (animo)

363 815 528 912 reliquit
548 813 686 899 humi,
726 812 809 886 duo
826 836 923 885 vero
947 811 1063 882 caesii
1088 809 1278 884 dracones
1301 810 1387 885 deo-

363 962 454 1010 rum
470 935 672 1007 voluntate
690 959 826 1008 curam
845 936 930 1007 eius
949 933 1134 1007 habentes
1150 957 1244 1005 eum
1263 932 1384 1005 nutri·
1414 937 1419 1035 l

273 1054 278 1071 ’
366 1072 512 1132 rerunt
537 1056 702 1129 innoxio
729 1057 870 1152 (almo)
853 1057 1008 1148 )succo
1029 1076 1160 1149 apum.
1215 1059 1306 1130 Rex
1323 1078 1384 1128 au
1417 1080 1419 1221 1

370 1195 450 1252 tem
474 1191 683 1274 postquam
709 1193 865 1275 petrosa
890 1197 1013 1248 curru
1035 1187 1172 1246 vectus
1193 1174 1316 1248 rediit
1342 1201 1419 1248 ex

368 1297 569 1396 Pythone,
594 1319 732 1369 omnes
756 1294 868 1369 domi
890 1292 1152 1390 interrogabat
1176 1293 1227 1369 de
1249 1322 1382 1395 puero,
1418 1382 1420 1389 k

369 1442 490 1516 quern
505 1414 667 1489 Euadne
680 1416 903 1512 peperisset.
955 1415 1116 1491 Phoebo
1133 1418 1241 1500 enim
1258 1419 1385 1516 ipsum

241 1568 311 1627 Ana·
330 1581 356 1636 ὅ.
372 1535 550 1613 narrabat
579 1536 759 1634 genitum
791 1558 872 1608 esse
924 1580 972 1593 -
1023 1553 1152 1636 patre;
1184 1535 1384 1613 futurum·

256 1647 323 1731 ‚⁸4
372 1685 451 1759 que
475 1657 580 1731 inter
604 1656 787 1731 homines
806 1671 934 1730 vatem
957 1661 1140 1732 omnium
1160 1662 1383 1734 mortalium

352 1777 768 1879 praestantissimum,
801 1801 931 1873 neque
964 1804 1138 1878 vnquam
1172 1783 1383 1874 cariturum
1418 1840 1420 1844 .

372 1901 571 2002 progenie.
626 1898 688 1975 Sic
712 1899 849 1992 vtique
875 1903 1089 1976 nuntiabat.
1163 1903 1226 1976 Illi
1257 1918 1382 1977 autem

372 2049 445 2098 nec
471 2021 668 2097 audiuisse
694 2042 766 2091 nec
792 2018 934 2104 uidisse
961 2047 1000 2095 se
1025 2021 1306 2098 adseuerabant
1331 2026 1382 2097 in·
1417 2046 1419 2051 ·

374 2143 540 2233 fantem,
567 2143 641 2216 etsi
659 2143 801 2238 quinto
818 2140 967 2257 ¹abhinc
984 2140 1049 2216 die
1066 2158 1202 2218 natum
1212 2171 1223 2234 ;
1267 2147 1381 2219 enim·
1420 2169 1422 2192 ι

375 2292 472 2341 vero
505 2264 647 2339 latebat
679 2262 746 2335 ille
779 2263 822 2334 in
855 2263 976 2336 iunco
1010 2264 1229 2363 rubetoque
1256 2267 1379 2355 denso,
1420 2320 1421 2324 ,

377 2413 542 2487 corpore
573 2403 710 2460 tenero
739 2383 937 2457 violarum
967 2379 1081 2458 flauis
1110 2401 1149 2461 et
1178 2387 1380 2488 purpureis

377 2510 513 2607 (roris)
527 2508 645 2583 radiis
663 2500 888 2580 madefacto.
935 2510 1153 2604 Propterea
1167 2494 1380 2581 etiam‘ma·
1414 2510 1421 2579 l

368 520 415 594 18
525 578 528 582 ,
780 495 972 600 Olympia.

267 2632 320 2700 Er·
335 2643 361 2699 ὅ·
378 2645 437 2707 ter
456 2627 715 2702 iussitrocari
737 2652 831 2700 eum
856 2627 1163 2726 omnitempore
1215 2669 1263 2681 —
1316 2628 1380 2700 hoc
1420 2660 1422 2699 ε

284 2714 328 2775 '³⁶⁴
375 2753 537 2828 nomine
555 2747 779 2824 immortali.
833 2749 973 2822 Suaurs
987 2774 1084 2822 vero
1099 2762 1309 2847 postquam
1324 2772 1379 2820 au
1413 2808 1420 2820 .

375 2896 421 2947 ro
449 2885 653 2944 coronatae
671 2863 877 2966 (pulcrae)
900 2871 1047 2967 accepit
1067 2869 1284 2968 pubertatis
1308 2867 1380 2940 ξι··ιι
1412 2899 1418 2942 ι

376 2999 504 3078 ctum,
532 2991 575 3063 in
592 2989 786 3089 Alpheum
811 2989 988 3064 medium
1013 2993 1207 3090 ingressus
1232 2991 1379 3065 inuoca·
1412 3037 1423 3046 ι-

343 3102 435 3187 'vit
463 3125 585 3185 noctu
615 3109 687 3183 sub
716 3107 784 3183 dio
813 3113 1049 3210 Neptunum
1080 3114 1154 3185 late
1185 3127 1379 3210 potentem
1412 3117 1414 3121 ’

376 3257 495 3309 suum
526 3256 664 3319 auum,
700 3247 739 3305 et
768 3234 1047 3307 arcitenentem
1072 3233 1165 3307 Deli
1195 3232 1386 3315 diuinitus¹

376 3354 560 3431 fundatae
578 3353 793 3442 custodem,
811 3367 946 3452 petens
960 3353 1035 3425 sibi
1049 3354 1255 3450 publicum
1267 3371 1379 3450 quen*
1413 3412 1424 3422 .

375 3478 465 3553 dam
481 3478 684 3553 honorem.
739 3473 960 3571 Respondit
978 3491 1109 3548 autem
1131 3476 1305 3550 veridica
1324 3500 1379 3578 pa·

374 3617 484 3674 torna
506 3623 604 3687 νοις
625 3595 1089 3693 compellauitqueeum:
1123 3593 1283 3694 Agesrli,
1310 3597 1378 3668 huc
1415 3614 1425 3626 ·

374 3746 534 3818 sequere
551 3744 710 3806 vocem,
736 3734 779 3791 vt
798 3719 838 3790 in
860 3720 1061 3817 regionem
1078 3717 1265 3791 omnibus
1284 3740 1379 3789 com·
1414 3748 1425 3758 ·

265 3851 536 3930 Sena'rmnoem
562 3839 775 3940 (futuram)
800 3840 1014 3914 veniamus,
1070 3881 1116 3894 -
1179 3842 1308 3935 Atque
1332 3837 1378 3912 sic

191 4048 193 4059 Ι
282 3945 340 4003 '⁰9'
373 3979 568 4049 venerunt
593 3963 660 4035 alti
677 3959 724 4032 ad
743 3977 892 4059 petram
918 3964 1106 4035 excelsam
1126 3961 1281 4048 Cronii,
1319 3948 1378 4032 vbi
1422 4015 1425 4022 .

372 4111 409 4159 er
399 4084 608 4183 *praebuit
629 4085 855 4158 thesaurum
883 4087 1088 4181 geminum
1110 4079 1377 4156 diuinationis.
1421 4100 1426 4145 ε

372 4222 466 4282 tunc
489 4203 650 4303 quidem
678 4229 819 4279 rocem
841 4202 979 4278 audire
994 4201 1297 4324 mendaciorum
1321 4227 1379 4274 ne-
1417 4219 1426 4265 t

1248 4325 1377 4410 seleon
