3092 5142
539 491 699 587 Carmen
728 487 796 571 Vl.
895 593 898 598 Ι
931 437 933 441 ⁷
1125 519 1175 594 19

156 692 295 780 sciam3
316 665 483 788 [quando
500 711 596 761 vero
611 683 737 772 audax
746 682 948 771 Hercules,
964 699 1177 783 augustum

158 813 431 889 Alcaeidarum
458 829 639 907 germen,
682 806 857 893 venerit,
896 807 1094 903 patrisque
1121 807 1177 881 fe·

158 952 260 1008 stum
310 931 497 1028 frequens
530 927 783 1014 bominibus,
835 928 1176 1027 certaminumque

158 1077 395 1152 magnorum
414 1052 628 1137 sollemnia,
639 1031 689 1120 ad
697 1033 806 1121 Iouis
825 1073 932 1119 aram
949 1049 1175 1124 altissimam

159 1173 394 1259 instituerit,
445 1166 533 1244 turn
559 1194 654 1243 vero
681 1169 962 1243 vaticiniorum
990 1173 1175 1245 sacellum
1301 1246 1304 1250 .

160 1294 467 1372 condereiussit.
521 1335 568 1347 -
621 1295 679 1371 Ex
698 1287 786 1385 quo'
798 1304 975 1389 tempore
993 1293 1173 1367 inclitum
1188 1308 1255 1364 Am.
1274 1318 1338 1382 4.,

139 1412 256 1488 ¹inter
283 1419 450 1487 Graecos
475 1411 714 1488 Iamidarum
740 1437 874 1511 genus.
942 1415 1068 1494 Simul
1093 1414 1174 1491 for·
1208 1397 1267 1435 Μ’

158 1552 273 1609 tunae
294 1560 388 1632 opes
402 1536 487 1631 (iis)
505 1534 763 1632 contigerunt.
820 1519 994 1607 Colendo
1006 1560 1101 1610 vero
1117 1564 1172 1627 ea,

157 1682 254 1754 quae
285 1655 420 1730 laudes
454 1655 604 1741 ferunt,
643 1653 854 1750 conspicua
878 1655 943 1726 via
969 1656 1171 1734 incedunt.

151 1780 300 1852 Probat
317 1799 418 1876 opus
434 1798 641 1870 quemque.
678 1775 916 1857 Obtrectatio
934 1793 1065 1851 autem
1079 1782 1175 1853 alio·
1206 1783 1208 1790 ‘

147 1924 241 1975 rum
263 1897 499 1990 inuidorum
524 1891 725 1990 impendet
745 1897 812 1984 iis,
836 1897 981 1992 quibus
999 1901 1174 1997 aliquan·
1214 1885 1219 1893 ’

145 2022 200 2096 do
217 2025 355 2122 primo
375 2021 462 2092 loco
485 2012 696 2126 duodecies
716 2015 760 2087 in
780 2018 905 2116 spatio
931 2019 1173 2098 decurrenti-

143 2141 224 2218 bus
250 2136 475 2214 veneranda
493 2135 660 2209 adstillat
684 2138 813 2211 Gratia
832 2139 1057 2237 ‚gloriosum
1073 2148 1172 2236 'vul-

142 2279 251 2338 turn.
309 2260 350 2336 Si
374 2273 505 2331 autem
529 2281 621 2329 vere
644 2259 723 2347 tui,
759 2285 783 2334 o
808 2261 963 2361 Agesia‚
1004 2270 1172 2340 materni

141 2386 327 2475 maiores
345 2379 417 2454 sub
444 2377 622 2474 Cyllenes
651 2394 787 2471 monte
848 2423 895 2436 —-
954 2384 1170 2463 habitantes
1184 2412 1237 2483 Ep.
1251 2417 1278 2482 4.
1325 2468 1328 2487 ,

142 2504 407 2584 Mercurium
428 2497 594 2571 deorum
613 2524 867 2596 praeconem,
901 2506 971 2600 qui
994 2510 1170 2582 certami-
1207 2495 1266 2550 ¹³¹·

144 2655 201 2704 na
217 2642 444 2718 sortemque
460 2621 727 2719 praemiorum
741 2625 1171 2722 gubernatnrcadiam·
1289 2612 1294 2624 ⁸

148 2776 232 2849 que
260 2746 402 2820 incolis
433 2742 627 2843 insignem
647 2761 783 2833 amat,
823 2748 997 2821 multum
1033 2750 1170 2825 multis
1225 2797 1228 2802 -

152 2861 402 2970 supplicibus
419 2861 613 2937 sacrificiis
638 2865 819 2964 religiose
838 2868 1063 2958 coluerunt:
1102 2874 1170 2945 ille

149 3011 224 3082 est,
252 2991 429 3088 quicum
447 2986 690 3084 grauistrepo
708 3001 817 3084 patre
834 3004 955 3078 tuam,
971 3015 995 3064 ο
1010 2994 1172 3066 Sostrati

151 3114 224 3203 fili,
248 3110 475 3186 felicitatem
489 3108 661 3206 largitur.
717 3108 880 3182 Oberrat
897 3109 1055 3209 linguae
1073 3116 1171 3188 cotis
1269 3199 1270 3202 Ἴ

151 3235 277 3307 instar
295 3244 429 3302 acutae
444 3230 626 3318 narratio,
648 3241 791 3324 meque
809 3229 1011 3306 lubentem
1024 3233 1074 3307 ad
1084 3238 1173 3334 pul·
1369 3213 1373 3221 l

157 3351 319 3427 crifluos
343 3348 530 3424 tibiarum
551 3348 665 3424 flatus
691 3351 819 3424 allicit.
878 3355 978 3427 Auia
996 3371 1171 3429 materna
1213 3375 1220 3386 '

155 3498 241 3547 mea
255 3469 493 3566 Stymphalis
511 3467 656 3560 florens
672 3471 836 3573 Merope
855 3491 924 3565 est,
950 3518 998 3530 —-
1050 3502 1170 3574 equo·
1184 3502 1237 3556 Ser.
1251 3514 1279 3570 5·

155 3619 249 3668 rum
270 3591 509 3690 agitatricem
539 3618 638 3698 quae
663 3595 826 3668 Theben
848 3598 1020 3695 peperit,
1057 3602 1170 3675 cuius
1203 3573 1263 3644 ²4⁵³

156 3739 229 3815 ego
257 3711 416 3786 dulcem
442 3737 583 3808 aquarn
610 3694 723 3805 bibo,
759 3717 856 3790 viris
883 3720 1076 3795 bellicosis
1102 3748 1170 3795 ne·
1265 3726 1267 3729 ’
1357 3742 1384 3758 ’·

155 3853 263 3910 ctens
288 3834 488 3940 egregium
507 3836 715 3934 hymnum.
768 3823 952 3937 Praecipe
975 3866 1082 3913 nunc
1109 3867 1169 3915 so·

155 3959 242 4046 ciis,
267 3961 418 4051 Aenea,
449 3957 626 4054 primum
650 3973 693 4029 vt
709 3953 905 4032 Iunonem
922 3962 1170 4036 Parthenium
1217 4003 1219 4007 ·

153 4096 303 4183 canant,
326 4093 492 4173 tumque
510 4092 553 4152 vt
566 4076 773 4167 declarent,
796 4105 888 4167 vere
902 4107 974 4156 nos
990 4084 1169 4183 effugisse
1208 4174 1210 4177 Ι

150 4198 581 4301 antiquumprobrum:
604 4200 807 4275 Boeotiam
821 4225 942 4284 suem.
976 4219 978 4227 ‘
997 4209 1046 4277 Es
1063 4207 1179 4312 enirn

1001 4327 1168 4400 nuntius
