3092 5142
566 523 722 602 Carmen
760 521 828 602 lll.
954 527 962 535 ’
1115 538 1214 648 tor

184 739 307 814 quam
330 709 452 790 timor
476 713 865 812 virorum-domitor
888 714 1070 788 exstinxit
1096 710 1209 806 forti·

179 837 371 941 ‘tudinem
389 838 520 911 animi>
564 835 779 935 congenita
797 850 929 908 autem
946 836 1113 932 quisque
1129 837 1209 908 vir·

187 974 273 1033 tute
287 958 469 1033 ’multum
488 958 659 1045 excellit;
683 959 865 1054 quivero
886 982 908 1030 e
926 950 1131 1055 disciplina
1147 981 1208 1030 ao·
1323 974 1327 987 J·

187 1081 312 1180 cepit,
342 1078 557 1153 obscurus.
574 1079 656 1166 vir,
693 1079 784 1154 alias
813 1080 887 1152 alia
915 1078 1064 1178 spirans
1096 1082 1206 1175 (ino-

183 1202 322 1296 liens),
359 1224 563 1296 nunquam
587 1196 702 1271 firmo
731 1198 879 1273 incedit
904 1197 1026 1298 pede,
1060 1210 1099 1268 et
1123 1219 1206 1270 sex·

184 1339 298 1397 centa
320 1321 512 1421 praeclara
532 1317 706 1392 facinora
725 1319 914 1393 imbecilli
931 1333 1064 1394 mente
1085 1315 1205 1417 degu-
1400 1393 1408 1398 ,

184 1461 259 1520 stat
280 1443 476 1541 (affectat).
527 1484 572 1497 -
619 1438 762 1514 Flauus
783 1455 916 1516 autem
934 1441 1102 1516 Achilles
1117 1425 1204 1539 par·x
1217 1415 1313 1555 δ’ἐξ·

183 1569 259 1640 tim
280 1565 471 1663 quamdiu
487 1561 630 1635 mansit
643 1561 824 1658 Philyrae
843 1562 887 1635 in
906 1561 1079 1648 aedibus,
1102 1585 1220 1658 puer,

183 1686 325 1775 adhuc,
344 1685 503 1760 ludebat
519 1675 709 1777 (ludendo
730 1683 930 1776 tractabat)
948 1706 1106 1783 magnas
1128 1705 1202 1770 res,
1267 1690 1273 1694 '

182 1809 367 1882 manibus
395 1806 531 1882 crebro
559 1802 1066 1907 breui-ferro-munitum
1093 1805 1201 1880 iacu-

183 1930 268 2004 lum
296 1930 481 2016 vibrans3-
507 1929 716 2024 ventisque
740 1950 829 2025 par3
862 1951 996 2026 pugna
1020 1925 1201 2000 leonibus

180 2047 275 2124 feris
295 2049 529 2123 moliebatur
549 2047 717 2137 caedem,
742 2072 935 2147 aprosque
958 2046 1201 2136 conficiebam
1241 2143 1243 2146 Ι
1276 2066 1278 2074 ’

183 2195 427 2270 corporaque
458 2165 507 2239 ad
540 2160 769 2245 Saturnium
805 2174 1046 2255 Centaurum
1078 2169 1202 2268 palpi-

179 2291 302 2365 tanti'a
329 2289 526 2388 portabat,
563 2295 742 2367 sexennis
772 2293 972 2391 primurm
1006 2289 1199 2390 (partim)

181 2438 278 2486 vero
303 2429 387 2485 toto
415 2410 599 2510 deinceps
626 2427 806 2514 tempore
833 2439 927 2488 eum
953 2411 1200 2510 obstupesce-
1234 2498 1236 2503 ,

179 2532 244 2606 bat
262 2532 468 2626 Dianaque
492 2548 530 2605 et
550 2534 723 2607 animosa
743 2538 931 2608 Minerua
981 2570 1027 2591 ω-
1080 2533 1200 2604 inter·
1214 2525 1281 2665 ⁴¹33
1299 2539 1326 2594 ὅ·

178 2653 375 2730 ficientem
394 2679 533 2728 ceruos
553 2656 641 2728 sine·
652 2656 812 2730 canibus
829 2655 1053 2750 dolosisque
1069 2651 1196 2751 septis.
1281 2634 1303 2702 '-

177 2775 350 2854 Pedibus
366 2778 473 2851 enim
492 2777 655 2852 ualebat.
691 2779 970 2853 Narrationem
989 2797 1084 2846 vero
1098 2773 1200 2846 hanc

178 2912 295 2972 teneo
324 2897 502 2994 priscam.
556 2899 734 2974 Prudens
762 2899 910 2984 Chiron
937 2895 1122 2969 educauit
1143 2890 1214 2967 sai

178 3044 251 3093 xeo
278 3022 456 3110 Iasonem
484 3020 529 3093 in
555 3035 681 3109 tecto,
720 3036 759 3093 et
785 3034 920 3118 postea
943 3017 999 3090 ibi
1022 3015 1199 3090 Aescula-
1231 3103 1236 3110 .

178 3142 292 3240 pium
304 3195 316 3228 ,
330 3154 335 3166 “
350 3163 471 3236 quem
485 3203 488 3208 .
503 3139 884 3214 medicamentorum
917 3138 1053 3212 docuit
1083 3138 1199 3212 molli

177 3286 302 3335 manu
333 3257 658 3358 applicandorum
693 3261 898 3334 rationem.
974 3256 1199 3357 Despondit
1266 3350 1269 3359 ¹

176 3397 311 3481 postea
331 3382 483 3478 (Peleo)
501 3381 904 3456 brachiis-venustam
922 3383 1045 3456 Nerei
1065 3379 1196 3468 filiam,
1216 3368 1227 3376 '⁴
1266 3367 1272 3374 ’
1297 3361 1300 3367 ’

176 3498 433 3598 sobolemque
460 3503 545 3577 eius
569 3503 940 3600 praestantissimam
967 3502 1198 3600 (Achillem)
1256 3547 1260 3555 ·

176 3622 375 3709 educauit,
391 3616 718 3698 conuenientibus
730 3607 950 3723 praeceptis
965 3624 1093 3698 totum
1110 3623 1195 3696 eius

175 3746 357 3835 animum
380 3744 584 3818 imbuens:
625 3785 673 3800 -
724 3763 768 3818 vt
794 3747 958 3819 marinis
983 3760 1196 3819 ventorum
1210 3745 1263 3816 En·
1278 3758 1305 3810 a·

174 3861 414 3963 impulsibus
442 3863 635 3938 deductus
659 3861 708 3937 ad
732 3865 895 3937 Troiam
917 3865 1197 3940 hastilremum
1230 3834 1289 3868 ’ω’

175 3984 400 4059 tumultum
431 3987 728 4084 Lyciorumque
758 3970 968 4093 sustineret
1002 4003 1042 4060 et
1072 3986 1198 4084 Phry-

173 4132 269 4209 gum
287 4098 681 4203 Dardaniorumque,
705 4122 855 4181 etcum
878 4107 1083 4206 hastigeris
1105 4089 1200 4178 con·

172 4234 328 4332 gressus
354 4227 613 4328 Aethiopibus
635 4252 775 4304 manus
797 4222 1039 4329 praecordiis
1062 4223 1198 4324 infige·

1124 4360 1197 4437 ret,
