3092 5142
366 526 419 602 70
796 497 938 600 Pythia.
1031 591 1038 601 ,

365 692 489 786 viam)
505 689 734 789 Demophili
753 691 905 763 mentis.
957 689 1026 765 flle
1039 693 1146 766 enim
1159 695 1270 767 ‘inter
1285 718 1375 793 pue·

366 840 430 888 ros
448 813 625 899 iuuenis,
651 812 694 882 in
714 812 884 884 consiliis
902 836 998 886 vero
1017 837 1152 903 senex,
1188 816 1303 909 quasi
1325 839 1375 889 as·

367 952 522 1009 secutus
550 946 780 1005 centennem
801 934 932 1004 vitam.
985 932 1119 1006 Priuat
1145 934 1376 1009 maledicen-

367 1056 461 1126 tiam
490 1050 839 1151 splendida,voce‚
887 1051 1100 1149 didicitque
1137 1055 1375 1130 iniuriosum

241 1175 353 1240 Antan·
369 1174 497 1248 odisse·
548 1215 592 1227 -
646 1197 729 1246 non
748 1172 984 1247 contendens
1003 1188 1135 1247 contra
1148 1176 1290 1267 bonos,
1315 1205 1376 1252 ne-

264 1257 326 1314 ⁶⁰⁷⁸
370 1322 446 1394 que
468 1295 751 1395 procrastinans
772 1320 856 1367 rem
874 1295 1013 1382 vllam3
1057 1297 1376 1396 quandoquidem

367 1433 525 1515 'tempus
546 1430 818 1513 opportunum
840 1417 942 1491 inter
961 1417 1141 1492 homines
1157 1418 1282 1494 breu‘e
1300 1445 1377 1520 spa·
1420 1516 1421 1523 ἵ

370 1522 472 1612 tium
486 1537 606 1613 ¹habet
625 1540 732 1628 (mox
755 1536 975 1635 praeterit);
1011 1538 1078 1612 ille
1098 1564 1192 1614 vero
1215 1542 1318 1615 bene
1339 1540 1378 1615 id
1420 1544 1421 1559 ¹

369 1661 497 1746 nouit,
521 1657 808 1752 comitaturque
825 1683 918 1731 eum
936 1658 1241 1758 (opportunitas)
1255 1663 1378 1738 famu·

369 1780 504 1857 lanon
523 1796 708 1874 tanquam
726 1776 905 1876 fugitiua.
959 1783 1080 1856 Aiunt
1094 1806 1188 1854 vero
1208 1784 1377 1858 essehoc

369 1899 709 1986 molestissimum
735 1922 848 1973 nosse
872 1882 1034 1974 honesta
1059 1902 1275 1993 (bonorum
1299 1929 1378 1978 sen·
1402 1973 1409 1981 .

371 2045 460 2096 sum
475 2015 651 2112 habere),
683 2033 722 2089 at
740 2043 787 2090 ex
805 2022 1030 2097 necessitate
1053 2040 1158 2095 extra
1176 2049 1222 2098 ea
1238 2025 1377 2099 habere

370 2140 513 2241 pedem
532 2142 594 2234 (iis
610 2144 765 2230 carere).
806 2143 855 2212 Et
870 2165 959 2215 sane
973 2143 1038 2216 ille
1053 2150 1253 2238 (tanquam
1272 2144 1377 2236 alter)

371 2265 475 2342 Atlas
493 2273 583 2335 cum
599 2260 708 2335 coelo
734 2261 802 2352 (ita
817 2262 900 2359 ipse
916 2288 1008 2337 cum
1023 2265 1235 2358 aerumnis)
1263 2267 1378 2340 collu-

372 2387 500 2457 ctatur
513 2407 620 2457 nunc
635 2382 776 2482 procul
795 2380 917 2479 patria
932 2407 954 2453 a
967 2382 1117 2472 tellure,
1143 2399 1181 2458 et
1195 2410 1218 2456 a
1234 2410 1379 2483 posses·

291 2584 293 2589 ,
372 2503 548 2578 sionibus
565 2503 656 2576 suis.
698 2501 827 2580 Soluit
842 2517 972 2576 tamen
985 2505 1135 2603 Iupiter
1149 2504 1376 2602 immortalis

241 2697 245 2707 ,
372 2626 489 2700 etiam
514 2625 685 2700 Titanas:
718 2640 756 2698 et
779 2640 956 2721 tempore
977 2610 1214 2699 mutationes
1237 2622 1376 2718 (fiunt),

245 2769 299 2837 Ep.
315 2772 357 2833 15.
373 2761 540 2820 cessante
551 2760 682 2833 vento,
734 2787 783 2801 -
833 2744 1026 2817 velorum.
1078 2742 1153 2821 Sed
1167 2760 1377 2845 optat‚per·

270 2849 331 2904 ⁵²¹·
371 2866 522 2940 nicioso
550 2866 690 2938 morbo
715 2865 907 2938 exantlato
924 2865 1096 2962 (exilio),
1122 2866 1284 2941 tandem
1315 2867 1376 2942 do·

371 3013 485 3060 mum
501 2986 636 3059 videre
645 3013 656 3077 ς
682 2985 730 3059 ad
742 2985 1010 3084 Apollinisque
1024 2985 1175 3062 fontem
1193 2988 1376 3063 conuiuia

367 3105 621 3204 ,frequentans
636 3107 814 3183 animum
831 3104 982 3182 tradere
994 3109 1164 3204 iuuenili
1177 3109 1375 3196 hilarium

372 3252 563 3326 saepeque
591 3231 695 3303 inter
723 3229 914 3327 sapientes
937 3230 1043 3304 ciues
1067 3230 1206 3303 affabre
1216 3229 1374 3306 :facum

371 3353 558 3431 citharam
582 3365 750 3450 gestans,
775 3350 819 3423 in
844 3350 926 3424 otio
950 3351 1085 3448 quieto
1109 3349 1287 3449 pulsare,
1311 3375 1374 3425 nec

370 3491 460 3571 sane
495 3472 638 3568 cuique
669 3453 860 3546 damnum
891 3470 1080 3560 inferens,
1125 3496 1198 3544 nec
1230 3473 1375 3570 patiens

368 3594 452 3692 ipse
478 3617 503 3665 a
520 3592 672 3666 ciuibus
695 3594 917 3689 quicquam.
983 3597 1110 3688 Atque
1137 3607 1224 3663 tum
1251 3617 1374 3666 narra·

368 3715 481 3801 verit,
507 3716 662 3810 qualem
678 3713 872 3787 Arcesilao
895 3712 1092 3786 inuenerit
1105 3709 1261 3786 fontem
1274 3739 1375 3814 prae·
1417 3732 1419 3823 q

369 3835 560 3914 clararum
594 3832 757 3915 laudum
800 3857 975 3924 nouum,
1025 3833 1171 3914 Thebis
1205 3826 1374 3937 hospitio

369 3971 561 4060 exceptus.
1269 3980 1273 3988 ·

744 4165 1017 4197 ...m—-
