3092 5142
235 426 266 536 Ἰ
306 499 355 572 14
491 410 496 416 ο
710 467 902 606 Olympia.
1009 434 1011 439 Ι

230 700 232 705 ·
291 665 507 739 'coronatus
525 659 711 750 Pisatide‚
734 660 1005 763 decuspparare
1024 667 1160 764 satagit
1176 671 1307 760 Carna-

297 787 416 859 rinae.
468 788 577 859 Deus
603 783 799 883 propitius
826 786 875 858 sit
900 787 1061 883 reliquis
1081 786 1303 861 eiusvotis.

296 903 433 980 Laudo
464 906 581 979 enim·
598 878 702 984 eum,
719 903 768 977 ad
799 931 920 1002 equos
949 895 1108 979 alendos
1134 908 1305 983 maxime

236 1041 241 1125 j
295 1007 559 1126 propensum,
618 1024 853 1124 gaudentem
903 1026 1163 1125 hospitalitate
1214 1045 1304 1128 erga

296 1172 444 1237 omnes,
469 1165 507 1222 et
523 1146 571 1220 ad
585 1146 906 1243 tranquillitatem
925 1146 1093 1224 ciuitatis
1110 1140 1304 1222 amantem

240 1256 242 1263 ¹
295 1271 442 1343 sincera
459 1285 590 1341 mente
606 1293 852 1342 conuersum.
886 1272 982 1342 Non
996 1267 1200 1342 mendacio
1218 1270 1328 1368 pol·'

293 1390 401 1463 luam
416 1389 583 1464 laudem.
606 1389 854 1488 Experientia
865 1389 1002 1484 vtique
1015 1389 1197 1463 mortales
1214 1415 1305 1488 pro·

148 1550 151 1555 ·
166 1515 220 1594 ΕΡ·
234 1530 279 1587 51·
293 1510 369 1600 bat,
405 1555 451 1567 -
486 1537 584 1608 quae
594 1512 773 1610 Clymeni
788 1508 915 1583 filium
925 1513 1115 1611 Erginum
1124 1513 1304 1584 Lemnia·

244 1628 247 1632 ’
293 1616 391 1707 dum
415 1624 652 1706 feminarum
674 1629 856 1705 liberauit
873 1655 894 1703 a
914 1633 1079 1730 probro;
1105 1627 1227 1704 aereis
1246 1658 1304 1705 ar·

292 1757 369 1829 mis
388 1756 457 1852 qui
474 1756 601 1857 pictor
623 1779 748 1837 cursu
762 1750 811 1825 ad
829 1770 1015 1825 coronam
1037 1746 1303 1850 accipiendam

291 1877 437 1951 vadens
461 1876 559 1950 dixit
585 1862 845 1971 Hypsipylae:
880 1899 967 1948 ecce
995 1900 1061 1948 me
1069 1901 1080 1963 ;
1115 1874 1302 1948 celeritati

230 1975 238 2021 '⁷
292 1982 425 2071 autem
442 2021 581 2070 manus
601 1979 833 2092 animusque
848 2020 969 2093 pares.
1018 2000 1247 2070 Nascuntur
1264 2014 1302 2070 et

291 2118 334 2190 in
362 2117 575 2192 iuuenibus
602 2118 687 2189 cani
716 2141 828 2216 saepe
852 2118 970 2191 etiam
998 2107 1149 2218 praeter
1169 2119 1301 2193 aetatis

292 2265 513 2341 congruum
534 2253 704 2338 tempus

565 2697 583 2749 ¹
646 2724 862 2801 oLYMP.
894 2728 937 2801 v,

330 2986 333 2990 ,
449 2900 646 2995 Eidem
715 2907 1129 3001 PSAVMIDI.

673 3053 915 3150 paaartgts.

137 3215 139 3220 ’
179 3208 233 3266 ³²*
248 3228 272 3265 ¹·
288 3185 502 3292 Celsarum
526 3217 722 3290 virtutum
748 3235 788 3292 et
816 3244 1050 3295 coronarum
1074 3207 1295 3318 Olympica-

147 3325 148 3329 Ἰ
284 3363 376 3413 rum
394 3336 550 3411 dulcem
570 3335 722 3427 florem,
741 3340 886 3414 Oceani
903 3336 992 3426 filia,
1020 3338 1151 3410 animo
1169 3336 1295 3423 hilari,

284 3461 415 3559 accipe
443 3456 733 3558 indefessaeque
762 3461 925 3534 mularis
955 3456 1097 3531 rhedae
1123 3460 1297 3532 Psaumiz

284 3581 424 3679 dis'que
444 3560 566 3668 dona3
601 3582 672 3676 qui
694 3597 802 3655 tuam
828 3561 1246 3676 vrbemamplificans,
1271 3603 1296 3651 o

284 3704 505 3790 Camarina,
538 3703 782 3800 populorum
808 3703 1000 3790 altricem,
1031 3724 1114 3771 aras
1138 3724 1205 3772 sex
1235 3725 1298 3798 ge·

253 3822 409 3897 'minas
446 3818 742 3913 condecorauit‚
783 3821 883 3896 festo
914 3823 1080 3905 deorum
1111 3822 1297 3910 maximo,

170 3970 172 3974 ’
283 3936 376 4017 cum
388 3924 511 4033 bourn
529 3939 721 4015 sacrificiis
735 3939 1005 4039 ludorumque
1023 3944 1199 4039 quinque
1214 3942 1301 4016 die·

282 4089 374 4138 rum
390 4061 680 4150 certaminibus·
698 4086 894 4157 equorum
910 4065 1188 4159 mularumque
1209 4090 1304 4138 cur-

281 4185 401 4274 ribus,
422 4183 687 4283 singularique
703 4169 832 4282 equos
870 4183 963 4258 Tibi
980 4198 1112 4265 autem
1129 4185 1308 4283 gloriam

418 4287 424 4297 .
618 4294 620 4299 Α
1041 4321 1045 4326 ’
1110 4308 1310 4381 eximiam
