3092 5142
612 509 772 590 Carmen
800 512 874 596 IX.
967 539 972 550 ’
1059 579 1061 583 ,
1152 535 1243 637 Ιει
1349 476 1351 483 ¹

231 696 301 774 sed
322 724 397 799 per
413 697 665 799 angiportus,
691 700 935 779 aduersarios
958 704 1152 815 subueriti
1172 727 1284 789 tre-

232 819 389 920 pidant,
415 821 630 901 calamitate
652 825 821 898 sauciati.
874 868 923 882 ·-
975 831 1056 932 Qui
1071 857 1165 907 vero
1181 833 1328 909 dffiAne.
1335 855 1374 915 5.

228 965 301 1013 cus
324 938 487 1044 aliquod
508 955 641 1014 recens
664 958 801 1035 nactus
825 964 894 1034 est,
919 973 1099 1050 magnam
1121 953 1171 1026 ob
1192 953 1248 1030 fe-
1289 913 1348 970 ¹⁰²⁶

233 1061 419 1140 licitatem
442 1064 577 1160 (quae)
603 1087 650 1137 ex
671 1078 765 1138 voto
779 1066 978 1168 (obtigit)
1000 1073 1131 1148 euolat
1150 1075 1246 1151 alata

232 1182 399 1271 virtute,
436 1182 581 1259 habens
609 1184 929 1282 praestantiorem
947 1185 1120 1268 fructum
1141 1195 1246 1272 diui·

232 1302 388 1379 riarum.
433 1307 483 1380 At
498 1305 605 1378 enim
621 1303 734 1378 breui
747 1309 974 1382 mortalium
986 1309 1152 1388 felicitas
1163 1340 1245 1390 cre·
1327 1380 1332 1401 ,

229 1427 320 1513 scit3
343 1424 399 1497 sic
410 1449 506 1499 vero
524 1427 641 1499 etiam
657 1425 800 1519 (breui)
817 1429 986 1527 procidit
1000 1431 1126 1525 humi,
1144 1434 1243 1514 infe·

213 1561 290 1621 ‚ato
314 1544 473 1620 decreto
500 1543 619 1636 (fato)
645 1565 829 1657 quassata
893 1592 941 1606 ·-
965 1555 1098 1631 Diei
1123 1558 1241 1632 vnius
1257 1553 1344 1624 Epvd·
1384 1624 1387 1630 .

228 1666 359 1757 (nesi)
341 1665 613 1802 )Quidnam
632 1670 817 1765 estquis?
844 1625 941 1766 quitl
958 1696 1040 1748 non
1056 1693 1112 1749 est
1127 1636 1279 1772 quisi⁵

199 1823 201 1828 ·
228 1776 395 1864 Vmbrae
412 1788 614 1860 somnium
629 1784 818 1861 homines.
855 1793 955 1862 Cum
971 1810 1100 1868 tamen
1114 1798 1240 1895 splen·

228 1889 362 1980 dora·
370 1891 491 1981 Ioue·
499 1907 611 1980 datus
626 1909 789 1995 venerit,
813 1908 967 2009 fulgens
982 1890 1088 1988 adest
1102 1915 1238 1993 lumen
1305 1907 1307 1912 ’

224 2004 437 2101 hominum
459 2045 499 2102 et
521 2029 652 2100 suauis
669 2028 759 2099 vita.
813 2033 847 2103 Ο
865 2033 1028 2131 Aegina,
1055 2060 1140 2110 cata
1156 2065 1238 2113 ma·

224 2165 296 2237 ter,
321 2149 447 2222 libero
468 2147 619 2247 populo
638 2149 838 2223 ciuitatem
855 2153 998 2227 hancce
1013 2178 1115 2243 cura,
1142 2183 1235 2234 cum

222 2275 322 2345 ioue
340 2285 379 2343 et
392 2269 629 2370 regeAeaco,
646 2271 840 2368 Peleoque
856 2289 894 2348 et
907 2277 1234 2374 praestantissimo

222 2390 441 2465 Telamone
462 2414 631 2488 cumque
657 2393 815 2468 Achille.

391 2857 427 2941 f
480 2914 487 2931 ι
586 2864 763 2938 varan.
797 2863 869 2935 nt·

255 3037 753 3153 TELESICRATI
802 3044 1196 3137 CYRENAEO.

403 3199 406 3203 '
445 3186 448 3190 ⁴
531 3185 696 3251 Armate
730 3188 909 3253 Cursori.

220 3321 346 3432 Volo
369 3344 742 3455 aereum-clypeum
753 3397 768 3414 ·
780 3368 991 3462 gestantem
1017 3353 1228 3451 Pythicum
1242 3387 1298 3441 32„
1313 3402 1338 3441 ,‚

222 3472 417 3546 victorem
430 3470 700 3558 Telesicratem
715 3488 807 3546 cum
823 3467 1128 3560 (adiuuantibus)
1142 3470 1231 3569 pul·
1367 3468 1369 3471 ’

223 3591 458 3666 cre-cinctis
475 3573 698 3690 praedicans
709 3590 850 3665 Gratiis
865 3590 1067 3679 celebrare,
1077 3589 1231 3667 felicem

220 3714 377 3800 virum,
413 3704 600 3808 equestris
621 3711 739 3787 decus
759 3716 947 3810 Cyrenes,
972 3737 1089 3808 quam
1106 3709 1232 3788 venti·

222 3835 364 3934 strepis
390 3859 437 3907 ex
460 3834 558 3909 Pelii
591 3833 803 3907 recessibus
830 3849 1004 3911 comatus
1032 3832 1230 3929 quondam

220 3963 392 4037 Latonae
408 3953 512 4028 filius
528 3957 669 4054 rapuit,
697 3956 881 4051 vexitque
896 3978 1014 4028 aureo
1034 3953 1230 4052 virginem

220 4082 461 4154 venatricem
481 4098 601 4147 curru
617 4075 679 4165 (in
694 4075 900 4172 Libyam):
926 4074 992 4148 vbi
1008 4091 1093 4147 eam
1116 4097 1230 4172 peco-

220 4225 333 4275 rosae
346 4215 385 4273 et
401 4192 797 4294 niaximeffrugiferae
811 4197 1012 4270 constituit
1029 4193 1239 4269 dominam

268 4349 363 4406 Plan.
376 4344 466 4399 carm.
481 4344 512 4399 V
509 4344 545 4400 ol.
555 4345 593 4397 ΙΙ.
760 4321 791 4390 F
942 4323 948 4380 i
1092 4331 1230 4406 terrae,
