3092 5142
159 566 163 571 -
266 523 290 604 8
575 495 579 502 ’
680 501 873 609 Olympia.
932 468 985 504 '-

127 783 131 790 ,
164 703 169 717 ’
263 694 509 804 gratiamque
531 693 710 771 adferens
727 697 833 772 veris
850 693 1079 789 virtutibus.
1143 695 1234 789 Sed,
1258 722 1283 776 o

265 822 460 919 Saturnie,
480 834 570 893 nate
579 817 701 906 Rhea,
725 818 856 893 sedem
871 819 1035 918 Olympi
1049 817 1285 919 gubernans,

179 996 182 1001 -
265 945 612 1037 certaminumque(
636 939 807 1039 apicem,
858 941 1095 1038 alueumque
1129 941 1282 1041 Alphei,
1315 952 1318 959 '

220 1114 223 1121 ·
265 1067 437 1168 placatus
453 1063 647 1151 carmine,
673 1085 814 1162 agrum
831 1063 1005 1159 patrium
1022 1088 1135 1138 serua
1151 1065 1284 1171 propi·

161 1215 252 1290 epod.
265 1189 346 1264 tius
363 1210 484 1289 porro
501 1184 682 1284 ipsorum
733 1223 782 1237 —
797 1197 991 1279 postero
1004 1186 1149 1283 generi
1174 1192 1284 1289 Quae
1322 1184 1323 1191 ’

174 1302 220 1362 ²9
267 1307 368 1383 lacta
385 1303 546 1403 quidem
564 1318 667 1392 sunt,
679 1327 749 1389 seu
764 1304 866 1378 iuste
885 1328 955 1378 seu
970 1305 1128 1393 iniuste,
1137 1308 1286 1382 horum

230 1430 428 1504 irritum
459 1452 511 1500 ne
538 1440 697 1525 tempus
727 1424 891 1562 quidem
931 1427 1112 1500 omnium
1145 1450 1324 1526 parens.

266 1551 391 1652 possit
407 1547 559 1624 efficere
575 1563 786 1635 euentum;
809 1546 853 1619 in
875 1546 1122 1622 obliuionem
1142 1564 1287 1640 tamen,

268 1669 482 1748 secundam
499 1670 604 1742 inter
625 1667 847 1757 fortunam,
884 1668 1023 1741 venire
1040 1690 1084 1742 ea
1107 1681 1284 1765 possunt.

267 1798 481 1893 Prosperae
503 1790 611 1866 enim
626 1787 822 1862 felicitatis
838 1813 913 1863 vsu
928 1790 1079 1863 malum
1097 1788 1289 1863 infestum

159 1929 214 1984 aa
227 1940 254 1984 a.
268 1928 499 2051 superatum
514 1911 756 1998 obliteratur,
783 1952 830 1966 -
866 1909 1042 2007 quando
1057 1909 1123 1985 der
1135 1934 1290 1984 numen

147 2116 153 2124 ,
177 2013 223 2135 ⁵7
267 2037 390 2112 mittit
407 2035 562 2109 eminus
582 2033 805 2107 beatitatem
829 2033 1027 2108 excelsam
1093 2032 1289 2133 Congruit

168 2228 170 2232 ,
268 2157 460 2234 sententia
477 2157 522 2230 in
539 2143 856 2252 pulchrithronas
879 2148 1017 2224 Cadmi
1039 2148 1172 2240 filias„
1188 2177 1289 2249 quae
1320 2147 1322 2154 ’

267 2294 362 2352 sunt
373 2300 516 2376 magna
532 2273 667 2371 (mala)
687 2288 867 2370 expertae
874 2298 886 2361 3
925 2272 994 2346 sed
1017 2274 1186 2349 concidit
1206 2300 1290 2374 gra·

268 2398 329 2472 vis
348 2397 480 2471 luctus
497 2394 646 2469 maiore
662 2395 793 2498 victus
808 2392 1001 2500 felicitate.
1055 2388 1164 2468 Viuit
1185 2396 1289 2479 inter

269 2517 427 2593 coelites
443 2516 650 2595 interemta
666 2514 830 2613 quidem
845 2514 999 2617 fragore
1019 2514 1201 2591 fulminis
1216 2517 1289 2589 cri-

150 2634 153 2640 ’
269 2639 388 2713 nibus
411 2637 573 2737 prolixis
599 2653 736 2711 ornata
759 2640 927 2727 Semele;
962 2663 1115 2738 semper
1126 2633 1289 2711 adamat

270 2785 357 2834 eam
373 2759 496 2834 Pallas
512 2773 551 2832 et
566 2757 718 2856 Iupiter
731 2762 861 2850 Pater,
887 2777 1068 2858 amatque
1083 2762 1207 2838 Filius
1221 2762 1288 2836 he·

144 2892 212 2951 Ant.
230 2906 256 2947 a.
272 2880 436 2980 deriger.
491 2923 538 2938 -
588 2880 713 2954 Aiunt
732 2883 849 2955 etiam
870 2884 914 2956 in
934 2884 1036 2957 mari
1053 2898 1157 2956 anter
1169 2881 1291 2958 Nerei

179 2976 369 3103 ⁵²'filias
395 3003 562 3077 marinas
581 3004 705 3077 vitam
725 3028 796 3102 per
811 3028 929 3079 omne
953 3021 1112 3104 tempus
1129 3008 1291 3078 immor·

250 3127 389 3203 -talem
410 3127 499 3199 Inoi
519 3126 782 3199 constitutam
835 3131 933 3204 Sane
953 3127 1186 3201 mortalibus
1209 3149 1291 3200 non

141 3253 146 3261 '
243 3269 245 3273 ·
272 3247 477 3348 cognitum
492 3263 567 3336 est,
589 3273 689 3321 num
704 3247 828 3321 vitam
844 3274 967 3346 vsque
984 3247 1033 3323 ad
1046 3264 1228 3341 mortem,
1240 3272 1291 3322 ne

272 3369 380 3463 diem
406 3366 568 3472 quidem
590 3394 691 3443 num
716 3394 864 3460 vnum,
897 3369 1025 3446 filium
1047 3370 1158 3458 solis,
1189 3385 1292 3440 tran·

272 3488 588 3588 quillumstabili
608 3517 701 3565 cum
722 3490 883 3565 fortuna
899 3493 1024 3566 acturi
1040 3491 1173 3571 simus.
1227 3490 1293 3565 Vi·

275 3611 524 3687 cissitudines
550 3614 658 3687 enim
685 3613 922 3714 gaudiorum
948 3630 987 3688 et
1013 3636 1293 3687 aerumnarum

170 3743 260 3817 Epod·
276 3735 367 3810 alias
383 3731 479 3807 aliae
495 3732 545 3808 ad
562 3736 744 3810 homines
759 3734 939 3809 accedere
953 3737 1087 3809 solent.
1129 3776 1176 3790 -
1217 3736 1293 3817 *At-

176 3829 203 3870 α’
216 3826 260 3889 95'
277 3883 355 3955 que
371 3858 425 3931 sic
444 3863 583 3949 Parca,
620 3865 720 3956 quae
744 3872 946 3956 paternam
968 3861 1137 3931 istorum
1158 3870 1295 3928 tuetur

275 3980 416 4053 laetam
440 3976 642 4052 fortunam
666 3977 939 4075 diuinitusque
962 3976 1065 4050 datas
1083 4002 1197 4077 opes,
1229 3978 1297 4050 ali·

278 4126 397 4198 quant
427 4102 544 4177 etiarn
574 4100 807 4174 contrariam
830 4098 906 4171 alio
938 4112 1116 4197 tempore
1148 4098 1297 4171 cladem

277 4221 456 4313 induxit,
493 4221 592 4299 dum
614 4219 777 4322 quidem
794 4217 991 4296 interfecit
1009 4222 1150 4296 Laium
1171 4218 1299 4292 fatalis

1194 4339 1299 4416 filius
