3092 5142
747 495 888 598 Pythia.

384 990 387 997 ²
675 858 944 962 PYTH.xt

365 1095 848 1186 THRASYDAEO
902 1097 1261 1189 THEBANO.

532 1220 670 1304 Puero.
726 1241 868 1303 Stadii
901 1241 1085 1303 Cursori.

199 1376 255 1477 ⁸³3
270 1395 293 1430 ¹·
309 1373 361 1480 Ο
390 1404 524 1508 Cadmi
548 1404 659 1492 filiae,
684 1405 833 1481 Semele
855 1403 1014 1500 quidem
1037 1405 1312 1503 olympiarum

308 1521 499 1642 (dearum)
523 1524 642 1610 socia,
669 1527 818 1618 lnoque
835 1519 1052 1595 Leucothea
1070 1523 1310 1597 marinarum

307 1646 593 1719 contubernalis
610 1643 846 1729 Nereidum,
872 1642 1002 1714 venite
1022 1665 1113 1714 cum
1129 1644 1309 1715 Herculis

306 1763 912 1864 optimae-prolis·procreatrice
929 1777 1052 1835 matre
1071 1760 1119 1833 ad
1133 1763 1307 1852 Meliam,

305 1909 514 1958 aureorum
532 1885 579 1957 ad
598 1884 833 1983 penetralem
851 1881 1052 1980 tripodum
1068 1882 1305 1973 thesaurum,

178 2003 290 2060 Amao.
305 2029 422 2100 quern
437 2005 577 2076 eximie
591 2005 802 2079 honorauit
816 2005 964 2091 Loxias,
1000 2046 1043 2059 -
1076 2006 1305 2078 Ismenium-

305 2151 381 2223 que
398 2106 631 2214 nominauit,
658 2149 834 2199 veracem
852 2123 1049 2198 fatidicam
1067 2123 1200 2197 sedem
1210 2152 1221 2213 ;
1243 2125 1304 2198 vbi

303 2248 420 2320 etiam
447 2272 571 2335 nunc,
613 2273 637 2322 o
664 2246 764 2321 filiae
789 2247 1043 2333 Harmoniae,
1080 2243 1302 2344 indigenam

303 2366 522 2445 Heroidum
550 2384 706 2442 coetum
731 2383 1008 2466 congregatum
1040 2368 1224 2460 (Loxias)
1248 2369 1303 2441 iu·

301 2488 367 2563 bet
393 2488 544 2578 adesse,
578 2505 620 2562 vt
641 2487 871 2563 Themidem
902 2509 1045 2559 sacram
1068 2490 1302 2586 Pythonem
1339 2484 1348 2586 j

302 2633 380 2707 que
400 2626 437 2685 et
462 2607 833 2683 recte-iudicantem
853 2622 975 2680 terrae
992 2608 1228 2704 vmbilicunr
1248 2635 1302 2683 ca·

175 2746 228 2818 Ep.
245 2733 399 2818 19.natis
418 2735 542 2831 prima
557 2753 713 2828 vespera
762 2771 808 2783 -
845 2728 898 2799 'in
916 2729 1194 2833 septiportium
1206 2731 1303 2804 The·

300 2853 440 2931 barum
490 2852 650 2950 gratiam
691 2847 986 2943 certaminisque
1033 2851 1192 2925 Cirrhae
1199 2877 1210 2939 ;
1260 2852 1301 2924 in

191 3044 194 3049 .
268 2989 272 2996 '
302 2982 381 3070 quo
407 2969 675 3067 Thrasydaeus
702 2967 1077 3045 denuo-celebrauit
1109 2974 1210 3048 lares
1239 2999 1300 3072 pa·

299 3109 449 3179 ternos,
471 3093 676 3189 imponens
701 3090 747 3161 iis
770 3091 908 3163 tertius
923 3116 1125 3182 coronam,
1146 3097 1191 3169 in
1207 3120 1301 3194 opu.

298 3213 412 3287 lentis
445 3212 548 3283 aruis
576 3209 741 3308 Pyladae
764 3211 910 3300 victor,
948 3214 1115 3312 hospitis
1141 3217 1301 3289 Laconis

194 3328 283 3466 Si?
300 3339 489 3409 Orestae..
519 3318 565 3386 -’-
619 3338 769 3433 Quem,
808 3331 1012 3407 interfecto
1041 3351 1169 3432 patre,
1201 3336 1301 3410 Arsi·

296 3479 373 3526 noe
401 3453 724 3550 Clytaemnestrae
754 3452 935 3525 manibus
965 3454 1103 3527 validis
1131 3480 1179 3528 ex
1203 3456 1302 3555 peri·

297 3576 387 3650 culo
414 3574 548 3645 nutrix
573 3574 718 3671 eripuit
739 3573 939 3661 luctuoso,
975 3574 1131 3671 quando
1155 3576 1301 3649 Darda·

295 3695 410 3768 nidac
432 3692 550 3766 filiam
566 3692 724 3766 ‘Priami
753 3689 1000 3768 Cassandram
1027 3717 1191 3798 corpsco
1217 3716 1300 3769 aere

297 3841 387 3890 cum
409 3813 712 3913 Agamemuonia
731 3812 859 3885 anima
878 3816 984 3887 misit
1005 3815 1232 3888 Acherontis
1251 3818 1300 3888 ri·

168 3946 235 4000 Ant·
254 3958 281 3998 2·
295 3962 385 4036 pam
406 3934 453 4007 ad
471 3935 693 4006 umbrosam
726 3949 786 3986 -‘
815 3933 981 4006 crudelis
997 3934 1161 4009 femina:
1187 3942 1299 4011 Num

202 4023 266 4086 ⁵4
295 4056 400 4128 illam
422 4054 621 4151 Iphigenia
646 4054 694 4126 ad
716 4052 913 4149 Euripum
935 4072 1096 4127 mactata
1117 4060 1258 4156 procul
1280 4083 1299 4129 a

294 4176 418 4278 patria
453 4175 690 4262 stimulauit,
727 4171 877 4246 dolosas
907 4189 950 4246 vt
976 4175 1186 4247 concitaret
1208 4176 1299 4247 insi-

1091 4334 1093 4339 .
1197 4294 1300 4369 dias?

133 4542 255 4632 Α
