3092 5142
192 500 218 548 ¹
310 531 450 607 .108
559 497 561 502 ’
794 512 950 597 Nemea.

366 713 519 786 horta-ta
538 723 735 797 orauerat;
758 707 881 782 huius
900 731 996 782 vero
1013 706 1124 811 iram
1137 704 1376 780 concitabant

362 810 515 904 ‘nefaria
534 827 663 917 verba,
678 845 861 925 rectaque
883 831 1079 903 recusauit
1095 828 1302 917 feminam,
1315 827 1377 901 ho·

333 978 343 992 ·
366 949 513 1049 spitalis
532 949 651 1048 patris
667 949 812 1045 (louis)
829 949 928 1021 iram
948 948 1107 1022 veritus.
1159 954 1269 1025 Bene
1290 970 1377 1024 vero

366 1070 592 1145 obseruauit
622 1069 840 1165 annuitque
866 1069 943 1167 ipsi
973 1067 1161 1143 nimbifer
1192 1097 1241 1147 ex
1274 1071 1379 1145 coelo

365 1193 533 1290 Iupiter,
556 1190 842 1263 immortalium
861 1215 949 1280 rex,
965 1194 1017 1265 'vt
1039 1191 1246 1267 confestim
1269 1196 1380 1281 mari-

360 1337 507 1386 narum
543 1310 674 1384 colum
692 1335 891 1383 -aureum
906 1355 923 1371 ·
939 1314 1175 1411 gestantium
1211 1316 1378 1413 aliquam

253 1415 350 1555 §dd-⁵·
365 1430 587 1512 Nereidum
624 1432 662 1505 ei
700 1448 852 1530 pararet
888 1434 1131 1531 coniugem
1163 1479 1212 1493 -
1274 1435 1380 1510 affini

231 1637 246 1646 ,
363 1556 539 1656 (futuro)
554 1555 746 1649 Neptuno
764 1551 1020 1649 persuadens;
1044 1555 1114 1652 qui
1138 1555 1185 1628 ab
1201 1557 1319 1655 Aegis
1334 1554 1379 1628 ad

360 1669 535 1753 inclitam
554 1695 666 1770 saepe
686 1669 947 1770 proficiscitur
962 1676 1156 1749 Isthmum
1170 1677 1378 1769 Doricam:

360 1798 430 1872 vbi
451 1822 544 1874 eum
568 1795 709 1871 hilares
728 1794 958 1890 (iuuenum)
978 1811 1131 1873 turmae
1149 1798 1256 1871 inter
1272 1795 1379 1871 listu-

360 1919 419 2009 lae
439 1935 598 1993 cantum
626 1915 745 1990 deum
768 1915 989 2018 excipiunt,
1025 1933 1064 1990 et
1087 1919 1231 2017 robore
1258 1922 1379 1994 mem·

358 2035 527 2143 brprum
550 2052 698 2111 certant
720 2035 869 2111 audaci.
922 2039 1093 2116 Fortuna
1116 2054 1251 2114 autem
1273 2039 1378 2113 iudi·

291 2214 294 2219 ·
321 2131 328 2157 ’
360 2177 420 2234 cat
442 2160 649 2259 congenita
676 2156 725 2234 de
746 2148 864 2230 factid¹
882 2155 1078 2234 omnibus,
1139 2165 1205 2235 Tu
1229 2142 1375 2258 itaque,

267 2280 273 2293 '
359 2307 385 2356 o
398 2283 679 2380 Euthymios,
694 2278 787 2353 deae
801 2277 994 2374 Victoriae
1006 2277 1049 2351 in
1066 2279 1157 2355 sinu
1174 2282 1375 2370 recubans,

358 2404 402 2476 in
435 2405 604 2502 Aeginae
635 2403 837 2476 honorem
865 2400 996 2472 varios
1032 2417 1334 2498 consequutus
1339 2427 1376 2476 es

242 2500 344 2642 Af*
283 2525 533 2644 gt'hymnos
549 2522 780 2622 (victorias)
833 2563 882 2576 —-
934 2520 1056 2643 Atqui
1076 2519 1319 2620 subsequens
1341 2537 1376 2596 te

283 2582 498 2721 8etiam
513 2633 625 2719 nunc
655 2659 748 2718 tuus
784 2667 866 2716 ex·
880 2664 1046 2715 sorore·
1030 2665 1184 2741 -nepos
1219 2641 1377 2718 decorat

356 2767 732 2865 consanguineam
711 2782 864 2838 centem
885 2763 1062 2860 Pytheas
1114 2767 1267 2839 Nemea
1290 2766 1375 2862 qui·

355 2888 448 2963 dem
475 2902 699 2986 opportuna
728 2885 808 2960 fuit
836 2886 913 2985 ipsi
936 2887 1149 2984 (auspicata
1175 2883 1225 2958 ad
1249 2886 1372 2959 victo·

248 3061 251 3072 ·
354 3011 486 3104 riam),
512 3001 735 3103 mensisque
758 3006 922 3104 patrius,
946 2993 1191 3102 quemssamat
1209 3006 1374 3105 >Apollo;

354 3131 534 3226 aequales
567 3150 664 3201 vero
700 3124 954 3201 aduentantes
991 3126 1181 3224 domique
1214 3152 1374 3226 supera·

166 3236 168 3238 ’
354 3252 415 3325 vit
447 3249 616 3344 Nisique
649 3246 700 3320 ad
731 3247 938 3322 conualle·
951 3250 1123 3323 cinctum
1156 3247 1370 3321 tumulum.

264 3380 268 3388 “
356 3370 518 3446 Gaudeo
545 3384 697 3456 autem,
724 3369 833 3465 quod
855 3372 1061 3484 praeclaris
1082 3368 1195 3452 lactis
1216 3393 1372 3442 concer-

353 3507 409 3565 tat
432 3507 512 3565 tota
534 3490 682 3564 ciuitas.
737 3490 861 3564 Scito·
888 3492 1004 3568 dulce
1029 3493 1165 3590 vtique
1190 3467 1370 3563 laborum

244 3614 298 3685 Er·
312 3627 337 3680 a
354 3613 574 3710 praemium
589 3608 803 3686 Menandri
821 3637 892 3710 per
907 3612 1189 3688 fortunam-
1238 3637 1369 3710 repor-

260 3693 305 3758 89'
353 3733 453 3806 tasti.
530 3737 696 3832 Oportet
732 3749 865 3806 autem
905 3734 952 3806 ab
986 3734 1146 3809 Athenis
1183 3732 1369 3807 artificem

353 3854 508 3927 athletis
534 3851 676 3929 adesse.
732 3856 780 3931 'Si
804 3879 899 3927 vero
925 3853 974 3926 ad
1000 3852 1274 3928 Themistium‘
1291 3855 1368 3926 lau-

352 3973 529 4050 dandum
553 3974 712 4064 accedis,
734 4002 784 4049 ne
809 3977 1063 4050 exhorrescas.
1116 3975 1199 4048 Ede
1220 3957 1366 4062 vocem,

157 4130 160 4134 ·
250 4165 254 4170 .
352 4098 516 4194 velaque
540 4095 704 4170 extende
728 4095 778 4170 ad
799 4097 942 4193 iugum
966 4077 1089 4192 vsque
1112 4096 1226 4185 mali;
1257 4097 1366 4195 pugi-

252 4236 256 4250 *
351 4221 509 4317 lemque
536 4243 630 4295 eum
655 4235 702 4292 et·
716 4218 909 4318 pancratii
930 4215 1050 4291 dicito
1074 4215 1263 4319 adeptum
1292 4240 1366 4291 esse

1327 4361 1365 4410 rn
