3092 5142
461 531 463 534 ’
539 520 698 602 Carmen
728 521 797 604 tv.
959 508 965 596 ᾗ
1119 530 1172 624 67
1278 454 1286 465 ·

158 731 292 795 autem
309 714 453 791 deinde
471 715 635 814 ingressi
651 728 761 803 sunt,
786 712 854 785 vbi
877 713 1000 813 nigris
1020 716 1174 817 Colchis

157 839 287 934 robur·
311 839 371 935 (h.
389 837 452 931 se)
479 835 744 908 admouerunt
770 840 878 926 (cum
904 835 953 908 iis
978 820 1187 936 congressi.

159 959 276 1052 sunt)
310 961 466 1030 Aeetam
496 940 603 1056 apud
631 957 773 1054 ipsum.
836 960 1009 1032 Domina
1040 975 1173 1033 autem

157 1079 476 1152 acutissimorum
501 1078 671 1150 telorum
691 1077 834 1174 Cypria
847 1073 983 1152 ¹Venus
1005 1076 1173 1172 versico-

156 1197 285 1270 lorem
309 1198 545 1292 torquillam‚
567 1194 829 1270 indissolubili
852 1213 1026 1291 quatuor
1044 1187 1174 1272 radio·
1339 1294 1342 1298 λ

157 1342 250 1390 rum
267 1333 374 1390 rotae
389 1318 593 1417 alligatam,
645 1356 693 1374 -
745 1314 935 1389 furiosam
951 1341 1079 1403 auem,
1091 1320 1171 1416 pri·
1184 1325 1297 1382 Ant-10·
1392 1367 1394 1370 -

157 1464 271 1511 mum
297 1437 346 1510 ad
370 1421 551 1512 homines
576 1438 737 1511 coelitus
763 1437 922 1524 detulit,
960 1463 1171 1536 precesque
1201 1404 1270 1468 Μ’

156 1559 426 1634 incantatrices
445 1558 603 1634 edocuit
619 1558 832 1657 sapientem
849 1555 1101 1646 Aesonidam‚
1127 1575 1171 1649 vt

157 1679 324 1755 Medeae
348 1682 534 1755 eximeret
563 1693 771 1778 parentum
789 1678 1070 1767 reuerentiam,
1103 1679 1170 1754 de·

157 1799 450 1898 siderabilisque
464 1799 628 1872 'Graecia
648 1800 772 1898 ipsam
790 1801 1008 1898 impostore
1032 1799 1170 1874 arden·

156 1936 234 1993 tem
255 1935 427 1994 versaret
451 1918 603 2020 flagello
621 1921 778 2012 Suadae.
831 1925 959 2024 Atque
986 1944 1079 2019 mox
1102 1921 1168 1995 illa

157 2036 337 2136 (Medea)
347 2040 730 2117 summam-laborum
746 2056 999 2139 paternorum
1010 2045 1047 2127 (a
1058 2034 1167 2141 patre
1284 2061 1289 2073 “

156 2162 446 2252 iniunctorum)
457 2157 625 2232 ostendit
641 2163 780 2247 Iasoni,
794 2161 962 2256 oleoque
975 2163 1167 2258 permixta
1202 2240 1208 2246 ,
1244 2160 1246 2167 ’

155 2278 329 2354 remedia
343 2274 529 2372 dolorum
552 2277 661 2352 dedit
678 2279 822 2374 quibus
835 2299 1064 2377 nugaretum
1100 2310 1167 2382 pa·

158 2403 287 2498 otique
308 2415 401 2499 sunt
424 2424 653 2497 communes
670 2399 827 2497 nuptias
845 2397 987 2476 dulces*
1000 2406 1103 2478 inter
1125 2431 1165 2481 se

154 2521 327 2619 iungere.
382 2561 429 2574 -·-
489 2524 537 2596 At
562 2537 768 2617 postquam
794 2523 929 2594 Aeetes
946 2523 1164 2602 adamanti·
1178 2532 1232 2604 Ep·
1251 2550 1293 2587 ²⁰·

154 2622 312 2734 nuni-in
329 2638 461 2713 medio
480 2654 652 2711 aratrum
669 2657 863 2729 statuerat,
888 2659 926 2716 et
945 2644 1079 2733 boues,
1094 2648 1165 2744 qui
1205 2611 1266 2676 3⁹8⁸
1297 2699 1301 2716 a

152 2762 353 2837 flammam
371 2759 516 2834 eflauis
530 2762 641 2834 malis
658 2762 852 2860 spirabant
869 2764 1036 2852 ardentis
1050 2767 1165 2866 ignis,

151 2884 355 2977 aereisque
386 2880 543 2979 virgulis
574 2881 779 2980 pulsabant
815 2898 959 2957 terram
987 2888 1164 2963 alternis:

145 3002 219 3081 hos
236 3002 426 3077 adductos
448 3002 543 3100 iugo
560 3000 737 3074 admouit
757 3004 863 3076 solus
880 3007 1070 3101 (Aeetes);
1105 3005 1165 3081 re·
1218 3018 1224 3029 ¹
1313 3053 1316 3063 ·

142 3143 315 3223 ctosque
332 3124 458 3213 sulcos
480 3123 522 3194 in
538 3123 701 3220 longum
726 3121 873 3197 ducens
898 3127 995 3225 egit,
1030 3145 1068 3202 et
1085 3131 1165 3229 gle-

141 3244 460 3322 bas-emittentis
478 3240 528 3315 ad
542 3245 685 3340 orgyae
707 3241 956 3318 altitudinem
980 3247 1164 3326 dissecuit

140 3370 316 3448 dorsum
339 3381 472 3438 terrae.
525 3367 629 3438 Tum
648 3363 701 3434 ita
720 3360 837 3436 dixit:
864 3370 949 3440 Hoc
965 3394 1076 3467 opus,
1096 3399 1164 3446 rex
1234 3350 1243 3364 Ι

136 3490 218 3586 qui
244 3499 395 3584 praeest
417 3484 531 3571 naui,
555 3482 655 3569 mihi
672 3485 705 3578 si
724 3483 949 3583 perfecerit:
984 3478 1163 3568 incorru-

135 3608 288 3710 ptibile
305 3606 520 3706 stragulum
539 3602 704 3708 auferat,
758 3638 804 3660 ·—
858 3609 981 3682 vellus
994 3612 1161 3708 splendi.
1175 3618 1230 3672 Sar.
1246 3637 1288 3673 ιι.
1342 3681 1345 3686 ,

138 3731 246 3805 dum
264 3752 383 3831 aureo
400 3728 505 3808 villo,
558 3728 619 3802 Sic
637 3721 684 3800 eo
701 3724 865 3817 dicente,
885 3731 1033 3816 abiecto
1051 3739 1161 3808 lason
1200 3697 1268 3816 4¹?

139 3873 287 3927 croceo
304 3847 558 3934 vestimento,
597 3846 670 3922 deo
688 3846 832 3936 fretus,
865 3852 1161 3950 aggrediebatur

136 3999 238 4063 rem.
292 3955 398 4069 Ignis
423 3992 518 4042 vero
539 3993 632 4041 eum
653 3992 734 4059 non
758 3970 935 4046 turbabat
957 3975 1161 4067 veneficio·

135 4076 526 4190 rum-peritissimae
546 4088 721 4186 hospitae
737 4097 950 4190 praeceptis
975 4097 1161 4192 (medica-
1273 4109 1276 4116 ‘

136 4213 349 4309 minibus).
383 4215 584 4285 Protracto
601 4235 695 4284 vero
712 4229 843 4287 aratro
861 4213 1018 4288 bubulis
1033 4196 1160 4313 quium

628 4349 631 4357 '
671 4321 682 4336 '⁵
1005 4340 1161 4438 religas·
