3092 5142
177 802 273 858 Βίων.

175 887 203 941 7·
214 885 274 943 138·

291 530 368 606 ¹52
537 503 704 586 Isthmia.
762 501 923 584 Carmen
944 503 1051 586 VIII.

287 698 405 772 etiam
436 711 643 770 mortuum
675 695 836 796 hymnis
865 686 1030 772 dearum
1065 695 1229 771 tradere.
1252 737 1297 751 -

289 815 409 923 Quod
438 831 478 891 et
509 843 617 892 nunc
649 818 765 894 habet
797 817 991 892 rationem
1027 821 1137 916 (non
1170 816 1298 890 minus

287 939 429 1034 valeo:
464 954 726 1037 properatque
750 943 962 1016 Musarum
990 962 1131 1012 currus
1157 935 1207 1010 ad
1231 937 1299 1012 Ni·

168 1055 171 1063 ’
287 1053 405 1137 coclis
425 1074 732 1134 monumentum
754 1060 901 1160 pugilis
926 1058 1160 1165 canendum,
1178 1057 1302 1130 hono·

286 1181 536 1278 randumque
567 1203 682 1268 eum,
720 1179 791 1276 qui
821 1183 1045 1269 Isthmicam
1078 1179 1301 1277 (coronam)

288 1331 312 1379 e
333 1303 490 1379 Doricis
510 1316 648 1376 nactus
669 1315 726 1374 est
745 1300 861 1400 apiis;
883 1319 1092 1403 postquam
1113 1297 1303 1375 finitimos

288 1426 436 1501 vicerat
457 1423 555 1498 olim
577 1421 685 1497 idem
708 1421 776 1494 ille
801 1421 909 1496 viros
936 1423 1160 1498 ineuitabili
1182 1447 1303 1496 manu

291 1545 526 1623 conuellens.
579 1549 684 1619 Eum
707 1539 871 1640 quidem
894 1567 977 1618 non
997 1542 1206 1621 dedecorat
1226 1546 1304 1619 exi·

290 1668 364 1743 mii
391 1664 496 1741 filius
525 1663 658 1765 patrui
687 1661 923 1760 (Cleander).
975 1669 1212 1765 Aequalium
1238 1669 1306 1740 ali-

206 1847 208 1856 .
291 1791 381 1890 quis
395 1784 640 1890 splendidam
656 1784 707 1858 ob
720 1786 967 1884 pancratium
977 1787 1168 1863 Cleandro
1180 1804 1307 1864 nectat

291 1910 416 2010 myrti
433 1932 630 1983 coronam.
684 1905 725 2008 §i
743 1903 907 2003 quidem
922 1934 1018 1982 eum
1029 1910 1209 2001 Alcathoi
1227 1935 1307 1985 cer·

291 2046 424 2105 tamen
450 2055 543 2104 cum
562 2023 728 2104 vict'oria
754 2025 810 2125 (ln
833 2028 1043 2125 victorem)
1072 2031 1196 2128 inque
1216 2033 1307 2131 Epi·

292 2149 418 2226 dauro
439 2152 630 2228 iuuentus
654 2165 767 2223 antea
790 2143 954 2251 excepit
1017 2158 1123 2228 Eum
1147 2151 1306 2227 laudare

292 2274 382 2349 viro
413 2273 519 2376 bono
550 2270 664 2346 facile
689 2286 756 2346 est
809 2277 1066 2350 quentutem
1091 2273 1200 2348 enim
1224 2299 1312 2358 non,

292 2409 492 2494 expertem
522 2393 594 2468 sub
629 2391 795 2469 latibulo
833 2397 1126 2495 praeclarorum
1159 2394 1303 2470 facino-

206 2608 208 2613 ·
293 2540 385 2590 rum
407 2514 632 2591 consumsit.
