3092 5142
438 514 440 519 ’
523 550 525 555 ·
553 509 711 590 Carmen
732 507 793 593 X.
1051 532 1057 557 ·
1124 465 1180 610 39Ι

168 733 347 807 vnquam
364 729 445 795 esse
462 703 621 780 videtur
641 697 880 774 incredibile.
932 702 1104 776 Remum
1118 700 1178 774 in·
1206 696 1219 734 ⁸

137 861 138 870 ¹
168 833 284 919 hibe,
321 829 504 923 illicoque
532 846 715 915 ancoram
738 817 812 918 fige
837 820 877 890 in
902 835 1003 893 terra
1023 847 1044 894 e
1062 845 1179 919 prora

173 953 387 1053 proiectam
401 947 553 1020 latentis
570 943 760 1016 auxilium
778 941 939 1038 scopuli.
989 941 1180 1031 Laudato·

172 1076 328 1149 riorum
344 1068 448 1144 enim
463 1061 535 1137 llos
549 1060 793 1162 hymnorum
805 1060 858 1134 ad
873 1062 986 1150 aliam
1001 1060 1179 1152 subinde,

174 1195 287 1269 velut
304 1193 397 1292 apis,
415 1187 571 1262 festinat
590 1183 923 1258 memorationem.
973 1224 1019 1237 —
1044 1185 1180 1281 ‚Spero
1194 1189 1248 1242 Str·
1259 1191 1295 1258 l«

176 1330 309 1388 autem
332 1335 415 1399 me,
448 1305 545 1381 dum
570 1306 766 1404 Ephyraei
791 1304 998 1400 (tribules)
1013 1326 1182 1380 vcarmen

176 1437 277 1510 circa
299 1439 475 1508 Peneum
498 1426 612 1501 dulce
635 1425 889 1500 modulantur
907 1437 1060 1516 meum,
1084 1428 1182 1526 Hip·

178 1540 355 1656 pocleam
368 1551 476 1624 hunc
489 1548 609 1645 magis
623 1549 739 1622 etiam
755 1549 990 1623 carminibus
1004 1549 1055 1623 ob
1074 1575 1184 1624 coro·

178 1698 245 1747 nas
261 1668 492 1744 effecturum
508 1693 589 1741 esse
603 1667 874 1742 admirandum
892 1673 994 1754 inter
1007 1674 1183 1769 aequales

180 1793 452 1886 senioresque,
485 1788 785 1887 iuuenculisque
806 1791 1025 1891 virginibus
1050 1817 1184 1865 curam

179 1916 235 2011 (h.
251 1909 470 1986 carminum
484 1913 787 2009 argumentum).
824 1914 980 1986 Etenim
996 1914 1080 1988 aliis
1092 1916 1186 1988 alio·

179 2057 274 2109 rum
308 2028 544 2104 desiderium
576 2055 751 2130 pungere
785 2033 880 2107 solet
901 2041 1085 2131 'pectoraz
1137 2076 1184 2090 -
1300 2037 1303 2044 ’

181 2161 293 2256 Quae
309 2175 404 2225 vero
422 2152 760 2253 quisque-appetit,
783 2179 828 2227 ea
846 2170 1087 2243 consecutus,
1098 2134 1186 2257 aui·
1198 2160 1312 2234 Auen.

180 2274 281 2346 dum
297 2269 434 2345 habeat
455 2271 612 2367 (habere
631 2301 723 2348 eum
744 2301 814 2374 par
835 2277 908 2370 est)
930 2275 1107 2372 studium
1129 2276 1197 2363 rei
1231 2243 1277 2305 ⁹⁵*
1397 2331 1399 2333 »

181 2380 411 2495 praesentim
433 2409 522 2492 post
536 2418 681 2468 annum
700 2414 833 2471 autem
846 2415 1036 2473 euentura
1051 2397 1190 2471 obscu-
1266 2425 1268 2431 ’

153 2529 358 2629 ‘rum-est
376 2511 615 2613 praeuidere.
667 2519 803 2590 Fretus
821 2541 906 2592 sum
931 2516 1220 2615 hospitalitate
1340 2529 1343 2533 ’

183 2635 378 2712 beneuola
400 2635 713 2736 Thoracis,‘qui
739 2661 873 2711 meum
899 2652 1079 2736 expetens
1106 2635 1191 2712 offi·
1282 2631 1288 2642 ’

185 2762 307 2849 cium,
331 2758 438 2833 hunc
452 2756 583 2830 iunxit
598 2753 759 2828 currum
776 2755 975 2831 Pieridum
992 2757 1192 2855 quadriiu-

184 2907 303 2982 gum,
328 2901 459 2953 amans
484 2888 693 2962 amantem
725 2872 869 2952 ducens
894 2876 1102 2952 ducentem
1127 2878 1192 2951 be·

184 3003 340 3078 neuole.
404 3041 452 3056 —
508 2995 735 3093 Exploranti
761 3022 857 3070 vero
885 3014 924 3073 et
956 3024 1096 3073 aurum
1123 3025 1194 3097 per
1207 2989 1302 3127 5354·

184 3121 459 3224 probationem
481 3116 665 3216 refulget,
692 3132 731 3190 et
753 3143 863 3193 mens
882 3136 994 3197 recta.
1046 3126 1196 3199 Fratres

188 3265 350 3343 quoque
367 3241 483 3335 (eius)
502 3236 806 3314 collaudabimus
827 3241 982 3339 probos,
1008 3243 1196 3338 quoniam

186 3368 233 3440 in
250 3361 376 3439 altum
392 3362 557 3435 efferunt
574 3360 800 3456 (illustrant)
815 3386 966 3434 morem
984 3363 1195 3460 (instituta)

187 3486 468 3562 Thessalorum
505 3481 694 3557 fouentes.
762 3486 884 3555 Penes
916 3484 1023 3556 enim
1052 3485 1196 3582 probos

189 3605 360 3708 reposita
390 3619 482 3680 sunt
506 3602 598 3702 (ibi)
621 3616 779 3709 paterna
804 3618 965 3702 augusta
989 3604 1195 3685 ciuitatum

187 3727 364 3834 imperia.
581 3717 582 3722 ‘
836 3724 839 3729 ’
1122 3724 1124 3726 ’
1168 3711 1180 3746 ’“
