3092 5142
137 1170 140 1177 ¹
512 1082 729 1160 otrus.
763 1082 792 1157 1.

141 1346 145 1413 z
224 1301 536 1394 mmmm
582 1251 1080 1394 srmcvsruo.
1155 1322 1157 1329 ¹

419 1475 531 1557 Equo
565 1471 691 1533 celera
722 1474 892 1535 victori.

143 1679 214 1865 'P
216 1775 511 1855 raestantrssrma
520 1772 681 1876 quidem
691 1778 808 1875 [mter
818 1794 943 1854 cetera
958 1773 1165 1875 elementa]
1178 1821 1232 1876 3„
1248 1839 1273 1875 1,

142 1916 207 1985 'est
222 1928 340 1998 aqua
368 1917 406 1972 et
430 1926 592 1986 aurum,
619 1899 789 1975 ardens
779 1903 880 2002 ignis
904 1899 1015 1972 velut
1037 1914 1163 2001 nocte,

140 1998 271 2139 {fulget
291 2022 509 2117 super'bas
498 2038 601 2094 mter
629 2020 798 2096 diuitias.
862 2022 903 2098 Si
924 2044 1021 2092 vero
1045 2036 1166 2093 certa-

160 2142 253 2213 mina
271 2166 407 2214 canere
423 2144 549 2240 gestis
575 2141 703 2215 anime
718 2142 788 2228 mi,
812 2166 885 2216 nec
900 2141 1031 2214 sole
998 2165 1166 2214 circum·

161 2262 251 2360 spice
280 2260 409 2349 aliud,
452 2262 562 2360 quod
579 2260 754 2336 interdiu
781 2260 906 2334 calore
934 2285 1008 2335 suo
1041 2262 1165 2361 magis
1281 2246 1285 2256 ¹

140 2379 307 2505 foueat,
332 2383 513 2457 lucidum
538 2400 706 2472 astrum,
732 2407 906 2456 vacuum
926 2408 1026 2481 per
1017 2389 1184 2458 aeremt.

141 2528 230 2577 nec
247 2503 456 2603 Olympico
483 2521 679 2579 certamen
708 2505 965 2603 praestantius
997 2504 1166 2577 cantabi-

141 2650 255 2719 ςιηυεε
279 2626 384 2701 vnde
403 2624 573 2722 [ductus]
590 2625 866 2699 celeberrimus
881 2627 1057 2724 hymnus
1073 2651 1166 2724 pro·

142 2748 268 2867 'tcedit‚
296 2764 503 2847 poetarum
522 2745 662 2820 studiis
680 2745 729 2818 ad
752 2746 990 2820 cantandum
1007 2748 1167 2824 Saturni

143 2830 293 2942 filium·
331 2867 381 2940 ad
414 2867 641 2968 opulentam
676 2865 899 2941 accedentes
934 2869 1166 2966 beatamque

159 2991 331 3064 Hieronis
355 2989 541 3077 domum,
594 3028 642 3043 -
693 2990 844 3064 iustum
867 2989 937 3086 qui
956 3005 1064 3063 tenet
1087 3015 1166 3063 sce·
1150 3027 1293 3098 A-„Mff

158 3127 282 3210 ptrum
309 3110 539 3185 infecunda
565 3110 746 3210 gregibus
771 3107 919 3198 Sicilia,
954 3109 1167 3210 decerpens

160 3235 274 3331 apices
292 3236 490 3317 virtutum
509 3234 708 3318 omnium;
744 3244 907 3302 ornatur
927 3234 1046 3305 etiam
1071 3236 1168 3315 Mu-

153 3353 247 3428 eticae
272 3356 529 3453 (carminum)
552 3352 670 3441 flore,
697 3350 1035 3449 quemadmodum
1062 3353 1167 3427 ludi·

154 3492 235 3597 ,ωας
250 3477 484 3575 hospitalem
501 3501 573 3550 nos
592 3479 729 3574 poetae
745 3471 973 3568 frequenter
989 3473 1039 3547 ad
1057 3500 1167 3550 men·

154 3604 235 3707 'tam
303 3597 423 3694 Sed(
425 3622 448 3669 0
473 3598 604 3669 anime
624 3596 701 3688 mi)
730 3592 906 3667 doricam
932 3596 1119 3671 c1thararn
1144 3622 1167 3671 a

152 3712 259 3791 telauo
278 3715 434 3816 deripe,
460 3721 583 3816 siqua
605 3718 677 3791 tibi
693 3717 882 3811 Pisaeque
906 3733 943 3790 et
960 3717 1166 3792 Pherenici

153 3824 254 3935 [equi
276 3839 453 3934 victoris]
472 3837 590 3914 decus
607 3837 777 3936 (laudes)
793 3839 972 3911 animum
988 3838 1166 3914 dulcissi-

184 3961 216 4034 is
236 3961 404 4032 immisit
421 3961 639 4056 (carminis)
659 3958 1000 4048 meditationibus,
1038 3985 1165 4056 quum
1210 4005 1212 4009 v

172 4081 207 4155 le
224 4071 492 4181 ad'Alpheum
514 4082 707 4170 cucurrit,
746 4082 848 4154 latus
870 4082 991 4155 nullis
1010 4082 1166 4156 calcari-

134 4286 137 4299 ,
168 4230 212 4280 us
231 4205 483 4281 stimulatum
498 4203 542 4276 in
558 4202 766 4286 curriculis
781 4201 945 4293 habeus,
971 4202 1021 4275 ad
1040 4205 1165 4304 victo·

135 4310 140 4317 ’
698 4316 700 4323 ’
947 4364 949 4369 ·
985 4324 1164 4425 riamque
