3092 5142
290 510 341 586 88
416 536 426 561 s
719 488 868 595 Bythia
955 474 975 520 '¹

290 703 353 761 tus
372 686 434 758 vir
451 685 516 758 ille
535 698 602 770 est,
627 683 855 780 quicunque
870 681 1052 758 manibus
1067 697 1136 755 aut
1153 681 1301 782 pedum

209 831 215 845 ·
290 809 437 881 virtute
462 807 587 907 victor
610 802 778 874 maxima
799 802 1064 903 praemiorum
1087 806 1303 904 reportauit

166 911 277 1034 ‘'²⁸2’'
293 927 533 1023 audaciaque
561 938 600 997 et
631 922 791 1012 robore;
843 965 889 978 -ι
928 937 982 997 ¹et
1007 923 1150 1000 vinens
1177 923 1304 1002 adhuc

201 993 251 1071 ω’
291 1050 482 1123 iuuenem
503 1041 630 1118 filiurn
644 1058 723 1140 ‘pro
738 1058 848 1141 parte
867 1069 936 1120 sua
955 1043 1100 1119 viderit
1117 1045 1305 1146 adeptum

294 1192 456 1244 coronas
493 1166 660 1264 Pythias.
729 1168 897 1238 Aereum
932 1166 1087 1240 coelum
1124 1168 1310 1242 nondum·
1342 1183 1345 1187 '

295 1312 495 1363 ascensum
518 1287 584 1372 iis;
620 1309 895 1382 quamcunque
921 1311 1016 1360 vero
1044 1312 1117 1361 nos
1142 1289 1307 1362 mortale

297 1433 421 1513 genus
455 1407 680 1482 felicitatem
711 1407 962 1506 attingimus,
998 1432 1083 1480 eam
1111 1423 1307 1482 assecutus

298 1543 483 1631 penetrat
495 1525 543 1600 ad
563 1543 780 1602 extremum
800 1526 1062 1628 nauigationis
1080 1530 1306 1635 terminum..

302 1650 359 1725 Ad
370 1640 719 1748 Hyperboraorum
733 1674 829 1739 vero
845 1651 1039 1748 populum
1055 1673 1187 1746 neque
1202 1650 1308 1724 naui·

300 1774 375 1847 bus
391 1797 519 1870 neque
536 1766 705 1870 pedestri
719 1768 859 1842 itinere
877 1771 1076 1844 inueneris
1091 1771 1308 1844 mirabilem

162 1893 288 1981 lad·
302 1893 427 1979 viam;
481 1932 524 1946 ·-
585 1888 691 1989 apud
711 1900 811 1984 quo's
836 1891 933 1964 olim
949 1888 1110 1966 Perseus
1134 1892 1307 1992 epulatus

125 2042 128 2047 ’
213 1971 257 2036 49·
305 2028 362 2087 est
380 2009 472 2100 dur,
496 2036 634 2108 quum,
658 2008 797 2084 domos
813 2034 950 2084 eorum
965 2011 1177 2110 ingressus,
1203 2012 1322 2084 sacri?

306 2131 458 2207 ficantes
481 2129 555 2204 deo
576 2131 789 2205 inuenisset
809 2131 958 2206 inclitas
978 2134 1182 2222 asinorum
1204 2133 1308 2206 heca-

305 2253 476 2341 tombas;
518 2256 717 2351 quorum(
723 2253 824 2349 que)
849 2251 956 2327 festis
982 2252 1146 2352 dapibus
1171 2253 1310 2353 iugiter

307 2373 495 2469 laetisque
510 2372 673 2446 vocibus
688 2375 857 2447 maxime
871 2374 1008 2474 Apollo
1026 2372 1180 2474 gaudet,
1201 2374 1312 2449 ridet·

245 2509 250 2523 '
309 2517 385 2589 que
398 2490 535 2565 videns
550 2492 747 2568 lasciuiam
762 2495 1021 2570 exultantium
1034 2474 1312 2568 bestiarum.-

199 2603 294 2669 SM·
309 2618 425 2689 Musa
447 2628 580 2687 autern
606 2639 690 2688 non
715 2608 844 2689 exulat
873 2639 895 2686 a
920 2613 1097 2688 moribus
1124 2615 1310 2714 ipsorum.

218 2685 262 2742 ⁵⁷⁰
309 2731 383 2810 Sed
410 2734 557 2830 vbique
583 2735 693 2810 chori
716 2737 917 2835 virginum
940 2732 1197 2831 lyrarumque
1228 2750 1316 2809 stre·

309 2857 414 2954 pitus
430 2857 658 2951 sonitusque
674 2857 860 2930 tibiarum
874 2870 1089 2947 mouentur
1095 2881 1106 2943 ;
1129 2855 1315 2952 lauroque

309 2999 425 3049 aurea
454 3000 582 3049 comas
609 2975 860 3050 redimientes
887 2975 1096 3075 epulantur
1124 2966 1314 3049 hilariter:

308 3118 438 3189 neque
464 3119 559 3167 vero
591 3097 721 3170 morbi
745 3122 873 3194 nequa
896 3097 1114 3196 perniciosa
1141 3076 1315 3170 senectae

311 3213 508 3311 attingunt
530 3238 675 3290 sacram
697 3233 871 3317 gentem3
906 3217 1165 3312 laborumque
1185 3232 1224 3290 et
1241 3217 1317 3291 bel·

183 3312 297 3449 ‘⁴²¹5‘75‘
311 3334 442 3407 lorum
466 3350 639 3432 expertes
690 3381 735 3394 υ-
788 3337 981 3425 habitant,
1005 3337 1198 3412 euitantes
1211 3338 1317 3411 vltri·

312 3479 393 3529 cem
418 3455 617 3530 Nemesin.
686 3455 835 3531 Audaci
865 3474 996 3533 autern
1026 3459 1176 3557 spirans
1204 3457 1317 3534 corde

310 3574 419 3647 venit
440 3575 649 3672 aliquando
674 3581 826 3652 Danaes
844 3577 967 3669 filius,
1001 3577 1166 3652 ducebat
1188 3595 1318 3654 autem

310 3697 514 3782 Minerua,
557 3690 606 3769 ad
634 3697 740 3769 hunc
769 3697 975 3772 beatdrum
1000 3697 1206 3774 hominem
1236 3726 1318 3776 coe-

310 3833 417 3906 tum;
452 3814 672 3912 occiditque
700 3815 811 3912 (inde
838 3816 1055 3918 profectus)
1079 3823 1317 3920 Gorgonem,

310 3955 348 4012 et
375 3939 618 4036 variegatam
643 3935 859 4010 draconum
884 3937 990 4028 iubis
1017 3956 1155 4038 caput,
1190 3942 1318 4031 rediit,

308 4060 557 4146 insularibus,
577 4056 766 4156 lapideam
784 4073 965 4146 mortem,
988 4061 1160 4135 afferens.
1215 4063 1319 4138 Mihi

199 4179 252 4249 Er·
267 4191 293 4245 ⁵·
308 4205 415 4268 vero,
442 4178 635 4259 mirabilia
686 4221 733 4237 ·-
786 4177 861 4272 diis
881 4180 1196 4284 perficientibus,
1222 4183 1321 4258 nihil

214 4262 258 4315 77·
1063 4368 1067 4375 .
1145 4329 1320 4413 vnquant
