3092 5142
314 541 388 635 138
728 524 891 603 Isthmia.

192 756 195 764 ·
240 732 243 737 ’
306 717 487 804 fuerunt,
509 740 707 812 aeneoque
723 717 844 791 Marti
857 716 1011 818 probati
1025 734 1127 793 sunt.
1182 724 1316 797 Enim·

305 866 401 914 vero
424 841 488 912 die
508 862 584 910 vna
607 862 717 935 asper
736 837 893 911 nimbus
915 840 1005 913 belli
1027 858 1199 937 quatuor
1222 847 1313 919 viris

307 962 461 1035 orbauit
484 958 633 1033 beatam
658 955 833 1031 domum.
903 963 1023 1034 Nunc
1045 987 1141 1036 vero
1164 988 1312 1055 rursus,

304 1097 392 1180 post
411 1078 613 1153 hibernam
632 1079 870 1152 volubilium
890 1081 1085 1154 mensium
1106 1085 1312 1184 caliginem

275 1204 420 1275 ‘tellus
452 1201 560 1273 velut
593 1200 791 1296 puniceis,
830 1197 1071 1290 floruerunt,
1113 1207 1214 1280 rosis
1266 1249 1309 1274 -.

195 1282 249 1374 sir.
263 1334 289 1373 2·
305 1323 491 1396 deorum
484 1318 658 1392 numine.
712 1325 919 1420 Quassator
934 1338 1063 1395 autem
1080 1336 1218 1413 terrae,
1235 1330 1309 1429 On·

221 1403 265 1458 ³2
305 1446 480 1517 chestum
503 1440 732 1525 inhabitam,
754 1456 792 1514 et
813 1457 973 1538 pontem
999 1445 1200 1519 marinum
1224 1463 1307 1519 ante

306 1563 483 1638 Corinthi
506 1586 661 1669 muros,
691 1561 841 1634 huncce
862 1564 1021 1661 largitus
1043 1565 1223 1662 ipsorum
1248 1594 1307 1666 ge·

303 1685 389 1757 neri
414 1680 624 1756 mirificum
653 1684 871 1779 hymnum,
897 1708 926 1754 e
953 1684 1054 1756 lecto
1078 1687 1220 1761 excitat
1242 1694 1325 1763 Fa-¹

303 1831 408 1877 mam
444 1804 644 1899 antiquam
685 1802 947 1901 gloriosorum
984 1802 1225 1879 facinorum.
1265 1809 1303 1881 in

215 1981 218 1988 .
304 1951 488 2001 somnum
525 1924 630 1995 enim
662 1920 868 2010 inciderat;
907 1922 974 1997 sed
1000 1950 1107 1998 nunc
1147 1929 1303 2002 excitata

242 2028 245 2033 ⁸
303 2072 465 2154 corpore
489 2043 632 2143 fulget,
670 2040 828 2116 Lucifer
855 2044 1087 2180 conspicuus
1112 2072 1190 2124 ceu
1211 2066 1303 2122 astra

174 2190 241 2245 Aac.
262 2171 404 2244 2.inter
426 2182 580 2240 caetera.
633 2203 677 2217 ·-
734 2168 842 2264 Quae
862 2179 920 2250 et,
950 2165 992 2243 in
1015 2168 1119 2241 aruis
1142 2169 1303 2243 Athena·

205 2266 251 2358 4²?
300 2314 392 2371 rum
410 2309 570 2360 cunum
590 2307 679 2356 curn
703 2284 985 2383 promulgasset
1006 2288 1159 2378 vicisse,
1185 2292 1302 2389 inque

279 2410 491 2489 -Adrasteis
515 2403 786 2480 certaminibus
809 2405 1004 2502 Sicyonis,
1023 2383 1215 2506 ¹praebuit
1240 2440 1302 2513 pa·

297 2534 393 2613 riter
423 2531 508 2603 eius
540 2525 682 2600 saeculi
712 2541 918 2623 poetarum
947 2524 1040 2607 folia
1069 2535 1297 2610 carminum.

298 2659 438 2749 Neque
463 2651 485 2723 'a
518 2645 777 2754 conuentibus
805 2650 1081 2725 communibus
1107 2654 1302 2731 abstinue-

298 2792 392 2851 runt
421 2775 634 2846 incuruuur
666 2792 850 2854 currum,
887 2768 954 2842 sed
985 2796 1074 2844 cum
1109 2778 1301 2852 vniuersis

299 2897 452 2968 Graecis
475 2904 658 2963 certantes
680 2904 813 2961 sumtu
838 2891 963 2986 ganisi
982 2911 1073 2966 sunt
1093 2921 1298 2993 equorum.

151 3091 154 3094 ,
296 3021 590 3113 Inexpertorunr
613 3008 728 3091 enim,
744 3007 905 3083 obscura
924 3013 1076 3086 silentia
1096 3035 1200 3114 suut.
1255 3063 1299 3076 -

191 3151 245 3224 Ep
257 3165 283 3210 a
297 3141 364 3210 Est
379 3157 473 3206 veto
491 3130 700 3205 obscuritas
718 3126 898 3203 fortunae
918 3135 1034 3206 etiam
1054 3114 1298 3227 certantibus,

214 3235 258 3291 ⁵²
241 3259 525 3388 priusquam
546 3251 730 3326 adfinem
747 3274 946 3324 summum
962 3273 1202 3350 peruentum
1228 3277 1299 3350 est;

199 3402 201 3406 ·
257 3362 439 3455 horum
459 3375 563 3449 enim
568 3363 646 3446 dat
662 3388 852 3446 euentum
869 3370 1074 3470 (fortuna).
1086 3377 1137 3473 1)
1175 3383 1299 3455 Etiam

296 3499 502 3574 fortiorem
521 3495 701 3567 virorum
726 3492 966 3590 deteriorum
988 3494 1095 3570 haus
1119 3503 1300 3599 supplan.

186 3652 208 3713 Q
296 3637 378 3698 tare
393 3621 489 3693 solet
507 3611 729 3710 corripiens.
783 3615 917 3689 Nostis
934 3640 1021 3688 sane
1038 3619 1163 3692 Aiacis
1179 3623 1300 3698 robur

224 3772 227 3781 ·
273 3755 634 3833 ,cruentumque
660 3756 740 3804 sere
758 3750 873 3807 nocte
890 3735 1090 3812 confossus
1108 3734 1182 3815 suo
1200 3769 1301 3832 ense,

164 3868 178 3915 ‘-
213 3874 228 3917 “-
257 3844 260 3849 ’
295 3860 487 3961 probrum
507 3853 599 3928 facit
613 3851 702 3926 filiis
719 3857 967 3945 Graecorum,
993 3875 1189 3957 quotquot
1205 3869 1302 3938 Tro·

133 4022 136 4031 ·
173 3984 374 4071 'emnium
391 3991 585 4055 venerant.
640 4017 685 4029 -
739 3978 787 4048 At
806 3979 1001 4051 Homerus
1021 3982 1159 4077 vtique
1179 3986 1303 4058 hono·

211 4070 280 4181 61·
295 4102 400 4187 rauit
423 4096 552 4197 (eum)
575 4097 677 4170 inter
695 4095 894 4184 homines,
919 4099 1017 4172 dum
1039 4126 1202 4177 omnem
1221 4107 1303 4181 eius

404 4211 406 4214 ⁴
509 4194 518 4215 ⁸
1137 4227 1305 4301 exaltans

141 4298 149 4421 ¹.
279 4330 283 4340 “
336 4302 339 4309 ’
363 4329 394 4413 ’1)
417 4327 519 4395 Locus
542 4334 715 4405 corruptus.
745 4341 777 4383 v.
801 4318 877 4384 Not.
