3092 5142
433 450 435 461 Ι
532 534 535 541 -
563 490 726 608 Carmen·
744 472 797 602 X

557 880 731 952 PYTH.
772 882 816 953 X.

237 1090 696 1180 Hinnocnnnn
734 1025 1142 1186 ‘canssino-

503 1233 659 1294 Drauci
693 1237 867 1297 'crtrsord

181 1368 323 1488 Felix,
349 1424 374 1474 ο
395 1399 677 1475 Lacedaemon!
694 1423 734 1471 -0.
748 1399 858 1472 beata
878 1400 1089 1481 Thessalia!
1141 1406 1254 1476 Inter.
1269 1433 1295 1473 ι.
1357 1405 1359 1407 ’

131 1602 134 1615 Ι
181 1530 349 1613 vtroque
381 1516 471 1590 vno'
494 1543 540 1589 ex
569 1533 677 1615 patre
710 1516 974 1590 Aristomacho
1007 1517 1186 1593 Herculis
1272 1523 1282 1536 “

178 1639 384 1736 progenies
409 1639 584 1736 imperat.
637 1635 768 1739 Quid?
802 1661 852 1709 an
879 1637 1024 1734 glorior
1041 1638 1186 1712 intem·

181 1759 360 1855 pertine?
419 1762 504 1830 Imo
535 1780 629 1829 vero
659 1782 723 1828 me
755 1756 962 1854 Pythoque
993 1772 1031 1830 et
1058 1758 1186 1834 Pelin-

178 1903 322 1952 naeum
346 1893 460 1950 vocat
480 1878 701 1972 Aleuaeque
727 1861 817 1963 filii,
857 1877 1092 1976 Hippocleae
1115 1902 1185 1951 vo·

179 1999 301 2071 lentes
329 1997 463 2070 afferre
491 1998 533 2068 in
557 2021 702 2095 pompa
727 1997 1183 2072 victorem-ducentium

177 2120 357 2215 virorum
380 2118 554 2190 inclitam
572 2107 720 2191 vocem.
777 2158 821 2171 -
873 2122 1064 2216 Expertus
1078 2122 1183 2194 enim
1201 2135 1309 2191 Auen.
1378 2185 1382 2194 .

177 2256 234 2313 est
263 2241 492 2326 certamina,
520 2239 563 2312 in
585 2238 829 2332 concilioque
848 2239 1184 2337 Amphictyonum

176 2359 400 2435 Parnassius
427 2385 516 2432 eum
543 2381 711 2457 recessus
738 2355 1097 2464 dimili-cursorum
1123 2361 1184 2435 iu·
1216 2447 1217 2450 Ἴ

175 2505 325 2555 venum
342 2503 570 2576 supremum
586 2478 844 2551 renunciauit.
896 2483 929 2551 O
941 2479 1090 2577 Apollo,
1109 2480 1184 2554 lae·

176 2619 242 2677 tus
264 2603 372 2676 enim
392 2601 602 2673 hominum
625 2599 749 2671 ex'tus
775 2612 812 2670 et
833 2595 1039 2670 exordium
1057 2602 1183 2695 (quic-

176 2722 276 2820 quid
306 2720 515 2820 perficiunt
545 2716 923 2818 aggrediunturque)
958 2716 1183 2792 moderante
1221 2759 1224 2769 ·
1268 2742 1271 2748 ·

178 2835 346 2920 numine
368 2837 562 2940 procedit,
587 2838 665 2911 tuis
684 2838 819 2932 vtique
838 2839 1008 2911 consiliis
1026 2838 1091 2911 ille
1108 2839 1183 2912 hoc

174 2964 364 3066 patrauit3
409 2959 690 3058 congenitoque
723 2958 799 3056 ipsi
826 2957 977 3032 indoles
1007 2957 1183 3059 insistere

175 3108 270 3160 eum
291 3079 382 3153 fecit
405 3082 577 3180 'vestigiis
603 3080 721 3178 patris
746 3079 974 3174 (Phriciae),
1020 3121 1072 3155 1-
1124 3079 1181 3152 bis
1198 3094 1247 3166 Ep.
1262 3107 1307 3147 21.

176 3202 477 3303 olympionicae
506 3201 549 3272 in
579 3182 729 3291 bellicis,
756 3201 894 3275 Maras
922 3199 1054 3286 amne
1091 3197 1182 3274 fecit
1263 3187 1265 3190 ’

176 3329 294 3402 etiam
314 3319 773 3421 ampla-prata-habente
790 3337 983 3392 certamen
1006 3320 1077 3397 sub
1101 3321 1183 3393 Cir·

175 3450 272 3524 rhae
300 3469 399 3542 rupe
427 3439 813 3539 pedibusavictorenr
839 3441 1040 3515 Phriciam.
1108 3425 1183 3513 Ad.

175 3571 225 3645 sit
246 3562 405 3642 fortuna
430 3561 572 3635 futuris
597 3584 756 3655 quoque
780 3560 937 3649 diebus,
963 3548 1202 3657 magnificae

178 3683 550 3781 diuitiaenelicitas)
563 3697 605 3751 vt
619 3677 782 3755 floreant
796 3681 898 3777 ipsis.
928 3721 971 3732 -
1001 3685 1184 3775 (Eorum-
1196 3686 1251 3739 Str·
1264 3698 1293 3740 2·

176 3836 252 3908 que
271 3791 389 3903 quare)
406 3804 448 3873 in
465 3802 618 3874 Graecia
639 3806 759 3892 (sunt)
778 3799 966 3873 decorum
983 3802 1085 3899 nacti
1100 3810 1183 3877 n'on
1228 3771 1271 3827 2⁹⁴

176 3932 356 4029 exiguam
383 3923 626 4022 portionem,
664 3921 785 4018 nein
813 3917 963 3993 odiosas
990 3921 1183 3996 diuinitus

175 4045 465 4125 vicissitudines
477 4039 658 4112 incidant.
685 4043 794 4113 Deus
811 4039 910 4112 adsit
921 4040 976 4109 eis
992 4039 1181 4132 inoffenso

177 4175 321 4248 animo.
375 4171 612 4246 Fortunatus
642 4184 736 4239 vero
762 4176 800 4234 et
826 4185 846 4236 a
872 4159 995 4259 poetis
1020 4162 1184 4265 celebra-

1027 4333 1029 4337 Δ
1121 4297 1184 4353 ius
