3092 5142
555 498 715 579 Carmen
747 497 816 580 VI.
1107 525 1133 578 -ι
1149 439 1191 579 rr

179 689 394 793 aliquando
411 690 537 766 leonis
558 691 756 788 (Nemeis)
778 692 970 767 victorem
987 691 1198 766 coronauit

178 817 377 891 vmbrosis
391 815 587 890 Phliuntis
608 813 680 887 sub
699 813 869 908 antiquis
890 814 1123 888 montibus.
1148 856 1197 871 -

178 941 267 1014 Lati
281 935 458 1032 vndique
476 933 750 1030 eloquentibus
764 951 857 1007 sunt
874 933 1003 1009 aditus
1022 935 1102 1008 ad
1088 960 1198 1012 lusu·

180 1060 260 1132 lam
290 1059 481 1132 celebrem
503 1057 619 1130 hanc
631 1053 917 1145 exornandam
952 1055 1200 1157 quandoqui-

179 1178 274 1254 dem
305 1180 399 1278 ipsis
420 1175 603 1270 Aeacidae
627 1175 822 1250 dederunt
853 1179 1037 1252 eximiam
1061 1180 1200 1277 (hanc)

180 1290 411 1375 felicitatem
436 1301 602 1374 virtutes
632 1297 789 1406 edentes
812 1323 979 1398 magnas.
1055 1303 1200 1377 Volitat

178 1437 316 1496 autem
347 1443 542 1520 supraque
573 1438 717 1495 terram
750 1433 794 1495 et
819 1445 891 1518 per
916 1445 1024 1496 mare
1057 1425 1200 1521 procul

182 1550 333 1618 nomen
355 1542 551 1639 ipsorum3
578 1545 693 1616 etiam
709 1541 758 1616 ad
780 1543 1001 1641 Aethiopes,
1015 1547 1200 1632 Memno·
1226 1638 1229 1645 Ι

182 1687 236 1747 ne
252 1688 336 1736 non
348 1687 521 1752 reuers0‚
543 1663 749 1762 processit:
773 1663 916 1758 quibus
930 1689 1050 1764 graue
1065 1691 1202 1765 super·

182 1786 297 1859 venit
319 1801 524 1873 certarnen,
551 1785 751 1859 Achilles
741 1809 784 1857 1n
806 1800 949 1857 terram
964 1783 1240 1869 descendens

183 1907 237 1982 de
258 1932 399 1995 curru,
450 1947 498 1962 -
549 1905 712 1986 illustris
734 1902 862 1978 filiurn
885 1905 982 1980 dum
1004 1907 1201 1984 interfecit
1214 1905 1281 1959 ‘⁴¹¹'-
1277 1917 1328 2030 ‘3-

184 2033 362 2105 Aurorae
377 2024 538 2126 cuspide
554 2025 683 2100 hastae
702 2023 879 2101 furentis.
931 2033 981 2101 Et
996 2016 1096 2125 hanc
1113 2035 1201 2152 qui·

185 2151 280 2224 dem
311 2150 554 2245 antiquiores
577 2149 682 2220 viam
709 2147 824 2243 latam
851 2148 1101 2246 (laudum)
1088 2179 1202 2235 rnue-
1322 2180 1352 2248 J

184 2288 354 2359 nerunt,
379 2295 478 2368 quos
499 2295 659 2366 sequor,
691 2285 729 2343 et
751 2271 835 2368 ipse
855 2271 950 2344 huic
977 2272 1201 2367 (laudandi)

185 2394 321 2469 studio
338 2382 523 2466 intentus.
577 2394 659 2496 Qui
676 2417 771 2466 vero
788 2395 1070 2498 circalcarinam
1088 2399 1202 2472 nauis
1276 2434 1280 2460 ·

184 2516 410 2599 uoluuntur
431 2511 598 2604 fluctus,
622 2514 653 2585 ii
674 2537 828 2611 semper
849 2512 1038 2588 dicuntur
1057 2518 1202 2612 cuique
1236 2572 1265 2597 t,

184 2637 358 2730 maxime
381 2622 610 2733 perturbare
635 2635 823 2706 animum.
877 2633 953 2710 Sed
975 2634 1201 2710 voluntario
1261 2665 1263 2667 ’

185 2782 262 2857 ego
287 2757 404 2829 dorso
425 2756 582 2830 subiens
605 2754 810 2854 geminum
832 2778 953 2841 onus,
974 2779 1114 2852 praeco
1135 2757 1201 2832 ad·
1246 2850 1248 2856 Α

185 2877 281 2952 veni
303 2879 488 2974 quintum
515 2902 631 2974 supra
654 2875 796 2974 viginti
819 2875 895 2948 h'oc
915 2876 1109 2954 celebrans
1151 2922 1201 2937 -

186 2995 309 3070 decus
324 3021 345 3068 e
360 2999 648 3086 certaminibus
672 3023 771 3094 quae
786 3015 927 3072 vocant
947 3023 1078 3090 sacra3.
1093 3000 1201 3098 quod
1215 3013 1306 3087 Epor.

186 3114 397 3194 Alcimidas
412 3122 564 3219 peperit
578 3120 713 3192 inclito
730 3118 875 3220 generi.
931 3121 1027 3194 Duo
1040 3123 1202 3219 quidem
1216 3099 1242 3154 δ’
1252 3104 1312 3141 ¹⁰¹⁸

187 3238 363 3316 Saturnii
386 3241 493 3338 apud
514 3240 723 3314 delubrum
745 3239 835 3327 tibi,
862 3262 887 3312 o
903 3265 1015 3337 puer,
1037 3243 1203 3342 tibique,

187 3357 360 3445 Timida,
386 3360 532 3460 eripuit
547 3385 629 3434 sors
646 3361 850 3434 temeraria
869 3357 986 3434 flores
1002 3362 1204 3462 Olympici

186 3481 435 3554 certaminis.
474 3483 664 3580 Delphini
687 3505 784 3554 vero
810 3482 1079 3591 velocitatem
1102 3487 1204 3561 mari
1268 3545 1272 3552 .

184 3603 358 3676 similem
382 3602 548 3678 dixerim
571 3605 775 3679 Melesiam
799 3586 1069 3703 manuumque
1086 3621 1204 3684 etro

183 3724 296 3799 boris
318 3726 493 3826 aurigam
516 3716 852 3823 (moderatorem).

454 4051 938 4070 m
