3092 5142
384 502 460 579 106
563 486 601 518 ⁹
788 499 962 585 'Nemea

352 670 356 682 ³
376 689 548 766 quenis.
591 692 684 766 Aliis
700 696 878 792 aequales
894 715 987 772 sunt
1004 700 1081 776 alii.
1135 708 1225 805 Qua
1238 710 1383 784 veroin

376 837 419 886 re
434 815 523 908 quis
542 813 626 911 ipse
649 815 872 891 successum
896 821 1095 912 habuerit,
1130 849 1216 898 eam
1235 829 1383 904 videtur

377 935 544 1032 quisque
562 934 813 1033 potissimum
831 940 1024 1018 celebrare
1041 970 1161 1043 posse.
1217 946 1384 1052 Qiranta

375 1079 469 1155 pere
491 1056 667 1154 (aliquis)
689 1054 850 1132 laudans
869 1064 1074 1136 Melesiam
1098 1073 1384 1146 contentionem

375 1175 495 1272 (aliis)
510 1176 669 1264 excitet,
695 1177 815 1251 verba
837 1187 988 1260 texens!
1017 1187 1191 1269 inuictus
1208 1191 1383 1268 incerta·

374 1295 709 1395 mine*)superat;
729 1299 865 1375 mollia
878 1305 1038 1401 quidem
1055 1309 1247 1386 meditans
1262 1314 1381 1405 bonis,

279 1474 281 1480 .
374 1444 486 1519 asper
506 1442 602 1494 vero
624 1421 795 1494 inimicis
822 1424 1126 1504 animaduersor.
1159 1482 1161 1485 .

455 1576 486 1654 ¹⁸¹)
508 1572 542 1633 ἐν
561 1571 653 1654 πόνῳ.
677 1594 708 1636 v.
729 1573 807 1640 Not.

760 1973 913 2048 NEM.
947 1977 992 2048 V.
1032 1971 1050 1985 ‘⁵

314 2114 316 2122 ’
414 2097 794 2257 araneae
850 2155 1336 2271 Arernrrar,

534 2342 538 2346 ·
634 2313 784 2372 FILIO
827 2313 1115 2375 LAMPONIS.

661 2387 664 2406 Ι
706 2431 1052 2494 Pancratiastae.

256 2614 312 2672 aer.
327 2637 351 2673 1.
367 2564 481 2674 Non
501 2598 709 2673 statuarius
728 2621 838 2687 sum,
862 2613 905 2672 vt
924 2597 1378 2673 non-loco-mouentia-

366 2742 406 2792 se
423 2714 589 2790 fabricer
607 2717 812 2791 simulacra
832 2715 875 2788 in
895 2714 1030 2790 eadem
1049 2712 1130 2788 basi
1149 2742 1397 2815 permanen·-

362 2841 427 2913 tia.
480 2836 554 2916 Sed
573 2827 684 2915 omni
701 2837 796 2911 naui
816 2836 997 2931 oneraria
1013 2850 1053 2906 et
1071 2837 1208 2934 cymba
1225 2844 1378 2936 (magna

362 2976 402 3034 et
428 2966 564 3060 parua)
589 2957 833 3059 proficiscere
861 2959 908 3030 ab
937 2958 1103 3058 Aegina,
1137 2964 1176 3052 (ο
1203 2964 1375 3050 carmen)

360 3083 560 3169 nuntians,
582 3079 691 3178 quod
713 3059 924 3178 Lampenis
947 3077 1051 3152 filius
1069 3081 1236 3178 Pytheas
1259 3080 1375 3155 robu-

362 3220 444 3279 stus
469 3204 596 3278 victor
618 3202 826 3301 reportarit
847 3203 890 3274 in
914 3201 1077 3275 Nemeis
1097 3201 1288 3299 pancratii
1314 3223 1374 3274 co·

360 3350 510 3400 ronam.
537 3311 730 3398 Nondum
746 3349 845 3424 gena
859 3323 896 3395 ei
910 3322 1077 3421 protulit
1093 3318 1285 3408 tenerum,
1296 3344 1374 3393 ma·

231 3462 344 3522 Anam.
360 3461 459 3522 trem
467 3443 641 3546 ,fructus
657 3439 800 3519 florem
808 3445 866 3540 *);
901 3487 947 3500 -
986 3450 1044 3523 Ex
1058 3449 1225 3520 Saturno
1245 3441 1372 3512 tamen

358 3573 534 3663 Ioueque
556 3568 695 3642 heroes
718 3567 922 3641 bellicosos
945 3580 1153 3665 prognatos
1175 3576 1213 3635 et
1237 3560 1286 3633 ab
1309 3561 1372 3634 aa·

357 3693 434 3765 reis
456 3686 714 3775 Nereidibus,
746 3670 944 3774 Aeacidas,
975 3683 1195 3770 decorauit,
1228 3698 1371 3755 metro·

356 3812 570 3915 polinque,
601 3825 797 3883 amantem
829 3807 1034 3908 hospitum
1067 3822 1232 3890 terram3
1273 3826 1370 3901 quae

547 3924 553 3936 ’
1277 3928 1369 4001 olim

316 4104 319 4109 ’
415 4099 584 4184 *).ο’πω’ραν
598 4101 719 4182 accipio
733 4120 791 4184 pro
808 4099 901 4179 ripae(
918 4115 955 4162 vt
970 4099 1129 4169 naman,
1140 4105 1170 4164 8,
1192 4099 1264 4177 (K.)
1298 4080 1367 4176 'Sci-

294 4211 300 4221 ·
400 4207 402 4213 ’
468 4187 544 4246 licet
565 4205 632 4246 non
654 4207 711 4267 per
733 4207 783 4258 se;
805 4187 861 4246 sed
881 4183 939 4267 <ipa
958 4201 1006 4246 est
1027 4186 1192 4256 iuuentas;
1214 4199 1367 4265 quatenus

468 4289 503 4332 ea
527 4272 611 4332 iusta
635 4285 718 4332 aetas
739 4285 786 4330 est
808 4272 967 4353 lanuginis
990 4271 1186 4330 emittendae
1206 4285 1239 4331 et
1259 4271 1366 4353 puber·

466 4355 558 4430 aazia,
580 4353 739 4438 οἶνοίνθης,
763 4355 820 4418 illa
842 4375 968 4440 quoque
990 4369 1037 4419 est
1056 4353 1172 4437 ὀπώρα.
