3092 5142
244 543 253 576 ,
359 508 442 585 t⁰4
648 561 652 572 ,
793 483 1006 565 Nemea‘

357 664 437 778 iani
457 675 643 767 robustus
669 674 859 750 Telamon
884 669 1053 750 uastauit
1074 690 1114 748 et
1134 678 1331 777 Meropes
1348 691 1383 750 et

359 819 549 894 magnum
561 793 789 871 bellatorem
803 795 1050 871 horrendum
1066 796 1266 894 Alcyonen
1275 822 1287 885 ;
1306 821 1400 870 non.

361 931 501 1002 tamen,
527 917 759 1014 priusquam
778 916 984 1016 quadrigas
1002 914 1217 991 duodecim
1229 919 1383 992 heroes·

363 1061 441 1135 que
459 1037 678 1113 insistentes
697 1037 1126 1135 equorum-domitores
1144 1031 1204 1113 bis
1219 1038 1381 1114 totidem

363 1181 454 1232 saxo
477 1153 545 1253 (is)
562 1175 790 1257 peremerat.
844 1160 1203 1258 heripertus-,belli
1222 1185 1308 1235 esse
1327 1161 1378 1234 vi·

235 1339 239 1352 .
332 1279 523 1390 'deatum
550 1289 633 1352 rem
658 1280 759 1355 hanc
784 1281 855 1378 qui
878 1305 961 1355 non
981 1285 1207 1378 assequatur
1230 1276 1379 1357 animo:

272 1471 273 1475 ,
357 1398 563 1499 ,siquidem
579 1417 798 1500 patrantem
813 1401 895 1503 pati
921 1401 1040 1475 etiam
1066 1397 1219 1497 aliquid
1238 1423 1379 1475 conue-

237 1496 352 1638 ΔΞΥ
367 1522 436 1601 nit.
473 1564 518 1578 -
558 1522 712 1598 Prolixa
730 1539 863 1597 autem
881 1523 1017 1620 eloqui
1032 1521 1217 1622 prohibet
1238 1545 1306 1594 me
1323 1521 1379 1597 lex

333 1698 340 1743 ·.
367 1643 565 1739 horaeque
574 1659 843 1743 properantes:
869 1642 1084 1744 cupiditate
1099 1636 1233 1716 tamen
1247 1637 1379 1717 trahor

368 1765 514 1853 animo,
538 1766 582 1838 in
601 1764 814 1841 nouilunio
834 1767 1036 1865 (sollenni)
1054 1766 1246 1863 attingere
1262 1764 1376 1862 (ista).

367 1891 660 1974 Verumtamen,
669 1886 937 1990 etsimedium
951 1904 990 1964 te
1005 1903 1111 1963 tenet
1128 1887 1254 1971 altum
1267 1885 1380 1959 maris

368 2032 518 2103 aequor
542 2007 710 2105 (mens),
737 2009 871 2083 resiste
898 2008 1061 2084 insidiis.
1115 2007 1299 2083 Multum
1325 2006 1381 2078 vi·

334 2118 341 2128 ’
368 2126 554 2203 debimur
579 2126 809 2202 aduersariis
841 2131 1064 2230 superiores
1089 2127 1133 2200 in
1163 2130 1256 2206 luce
1281 2116 1382 2202 ince-

369 2248 479 2339 dere3
517 2247 656 2324 inuide
676 2262 810 2322 autem
828 2251 927 2327 alius
948 2253 1039 2350 quis
1055 2253 1233 2338 intuens,
1258 2249 1382 2332 consi·

260 2353 355 2478 ‘addi
369 2372 468 2446 lium
495 2371 612 2472 inane
636 2371 680 2443 in
710 2371 882 2449 tenebris
914 2371 1046 2458 voluit
1097 2412 1143 2426 -
1196 2369 1382 2445 irrite-in

368 2491 690 2569 terram-cadens.
744 2493 852 2569 Mihi
868 2517 962 2569 vero
980 2517 1101 2591 quam
1113 2493 1305 2568 virtutem
1320 2490 1383 2566 de·

368 2614 428 2690 dit
442 2620 614 2691 Fortuna
626 2604 787 2716 regina,
797 2616 895 2691 bene
910 2615 990 2690 scio
1004 2630 1162 2715 tempus
1173 2615 1382 2712 insequens

368 2760 472 2825 esse,
510 2734 642 2838 quoad
675 2734 897 2835 perlatum
927 2737 1080 2827 licebit,
1118 2732 1380 2812 seruaturum.

370 2856 560 2942 Contere,
585 2879 609 2927 o
626 2853 771 2944 dulcis,
804 2857 922 2929 etiam
948 2857 1025 2930 hoc
1046 2859 1195 2946 statim,
1210 2858 1382 2949 cithara,

368 2971 533 3070 Lydiam
553 2973 601 3047 ad
625 2975 874 3051 harmoniam
901 3001 1055 3059 carmen
1070 2993 1234 3078 gratum
1258 2984 1383 3055 Oeno·

368 3119 520 3190 naeque
541 3111 578 3168 et
595 3100 738 3196 Cypro,
749 3097 817 3170 vbi
830 3086 983 3173 Teucer
995 3115 1130 3198 regnat
1139 3101 1383 3176 Telamonia·

368 3214 456 3304 des;
494 3215 562 3289 sed
587 3217 682 3292 Aiax
702 3219 936 3294 Salaminem
962 3237 1069 3302 tenet
1098 3222 1265 3321 patriam
1273 3249 1286 3314 ς
1338 3264 1382 3285 .-

253 3345 313 3425 ,Sta
326 3358 353 3414 a·
368 3335 489 3431 inque
508 3337 607 3409 mari
634 3341 796 3414 Euxino.
817 3339 1060 3440 splendidam
1083 3344 1253 3419 Achilles
1273 3345 1385 3421 ¹insu·

276 3430 320 3492 79·
368 3457 464 3546 lam;
503 3457 716 3556 Thetisque
741 3459 969 3537 dominatur
990 3462 1174 3560 Phthiae,
1207 3469 1384 3567 Neopto·

367 3579 572 3677 lemusque
586 3580 630 3654 in
647 3583 767 3681 Epiro
784 3582 858 3658 late
871 3601 1063 3684 protenta,
1089 3584 1384 3686 boues-pascen-

367 3716 425 3775 tes
449 3702 691 3783 vbi'montes
717 3703 852 3778 eximii
875 3708 996 3806 positi
1023 3723 1135 3795 sunt,
1169 3707 1384 3788 aDodona

367 3822 619 3922 incipientes,
644 3823 695 3898 ad
716 3850 824 3900 mare
839 3825 1010 3900 Ionium.
1062 3826 1162 3902 Pelii
1180 3843 1318 3902 autem
1340 3825 1383 3902 ad

366 3941 525 4033 radices,
536 3945 1063 4022 iri-seruitutem·redactam
1082 3950 1236 4024 Iolcum
1253 3948 1383 4024 hostili

366 4091 488 4139 manu
506 4090 704 4164 aggressus
720 4066 858 4140 Peleus
876 4067 1036 4144 tradidit
1053 4070 1381 4160 Haemonibus,-

164 4227 167 4231 ·
236 4194 305 4251 Ant·
325 4209 351 4265 s·
367 4187 628 4288 Hippolytae,
652 4186 780 4269 Acasti
797 4188 947 4280 viroris,
973 4188 1120 4268 dolosis
1135 4192 1287 4268 artibus
1308 4194 1381 4266 illa-

270 4281 317 4344 92‘
381 4386 383 4391 ,
959 4317 961 4322 ’
1208 4327 1378 4410 queatus.
