3092 5142
595 518 755 598 Carmen
788 517 874 600 Vll.
1064 559 1066 563 ⁴

561 925 780 1000 OLYMP.
822 926 903 999 vll.

355 1065 743 1200 DIAGORAE
797 1109 1101 1202 mromo

638 1253 807 1335 rugus

220 1389 414 1496 Phialam
435 1421 495 1494 vti
521 1421 610 1518 quis
636 1418 763 1494 diuite
786 1441 910 1492 manu
929 1437 1122 1513 summm,
1147 1423 1241 1498 vitis
1254 1435 1309 1492 Str.
1324 1454 1349 1491 ι.

219 1543 328 1618 intus
357 1559 608 1643 spumantem
633 1569 740 1632 rore,
782 1541 903 1617 donat
927 1544 1070 1619 iuueni
1094 1528 1239 1645 genero

220 1666 439 1764 propinans
457 1665 577 1741 domo
599 1664 766 1740 domum
784 1663 1043 1763 (ferendam),
1069 1650 1239 1756 auream,

221 1787 546 1886 pretiosissimam
560 1811 646 1860 rem
662 1811 803 1860 eorum
820 1811 920 1884 quae
936 1788 1122 1886 possidet,
1148 1813 1241 1863 con·

221 1907 405 2002 viuiique
424 1905 560 1996 decus,
578 1922 627 1988 et
646 1905 876 1983 affinitatem
897 1910 1098 1985 honorans
1116 1935 1242 1999 suam,

221 2029 438 2124 amicisque
455 2026 734 2125 praesentibus,
760 2024 853 2101 facit
869 2055 962 2104 eum
976 2031 1242 2108 inuidendum

220 2149 271 2222 ob
300 2147 550 2246 coniugalem
574 2146 759 2222 thorum:
822 2192 870 2206 -
931 2146 986 2226 sic
1010 2177 1083 2252 ego
1108 2167 1242 2226 nectar
1255 2163 1368 2220 Amo.

221 2270 375 2358 fusum,
401 2273 613 2344 Musarum
629 2266 793 2360 donum,
820 2271 979 2348 dulcem
993 2275 1144 2375 ingenii
1155 2273 1242 2348 ¹fru-

222 2408 335 2466 ctum
355 2392 518 2465 mittens
544 2390 592 2464 ad
617 2417 702 2481 eos,
729 2394 801 2490 qui
823 2395 1031 2496 Olympiae
1056 2397 1242 2496 Delphis·

223 2541 302 2613 que
311 2515 499 2588 victoriae
514 2515 686 2613 praemia
701 2528 966 2613 reportarunt,
973 2515 1022 2590 iis
1033 2515 1238 2618 gratificor.

221 2639 330 2714 Felix
344 2638 432 2725 ille,
455 2661 575 2734 quem
591 2640 707 2710 Fama
726 2635 973 2734 amplectitur
986 2635 1098 2710 bona.
1139 2637 1242 2710 Alias
1327 2633 1330 2638 ’
1371 2703 1374 2707 .

225 2774 360 2833 autem
376 2759 500 2831 alium
514 2760 671 2858 respicit
684 2758 786 2831 alma
801 2757 931 2831 Gratia
943 2758 1111 2855 (Musa),
1134 2757 1243 2830 blan·
1298 2825 1304 2839 ,

225 2879 367 2955 disona
381 2905 474 2954 curn
489 2880 633 2956 cithara
647 2878 879 2977 sonorisque
892 2879 1081 2955 tibiarum
1097 2881 1244 2955 instru·
1284 2871 1289 2876 ”
1391 2960 1394 2971 ,

224 3002 387 3076 mentis:
439 3033 489 3056 ·-
540 3005 590 3075 Et
605 3025 701 3076 vero
720 3026 829 3074 nunc
847 3001 966 3075 venio
982 2999 1031 3075 ad
1048 3000 1244 3099 celebrari·
1256 3004 1310 3079 Ea·
1325 3015 1369 3072 θῶ

226 3123 318 3198 dam
343 3137 509 3218 vtraque
535 3123 706 3219 (cithara
731 3136 771 3196 et
797 3122 917 3216 tibia)
941 3147 1036 3196 cum
1059 3102 1244 3220 Diagora,

225 3246 421 3318 marinam
446 3241 567 3317 filiam
591 3243 753 3319 Veneris
782 3243 978 3341 Solisque,
1012 3242 1245 3342 Nyrupham
1318 3227 1357 3249 ⁸

226 3366 421 3443 Rhodum
434 3365 676 3454 bellicosam,
698 3382 742 3440 vt
756 3366 957 3466 ingentem
971 3367 1107 3439 virum
1119 3376 1245 3463 prope

226 3488 427 3586 Alpheum
462 3486 744 3583 Castaliamque
777 3502 1012 3560 coronatum
1049 3486 1247 3586 pugilatus

227 3621 392 3708 propter
413 3607 620 3682 victoriam
645 3605 822 3700 laudem,
848 3625 1079 3708 patremque
1102 3610 1248 3695 Dama·

227 3746 366 3830 getum
382 3729 555 3805 Iustitiae
574 3755 728 3818 carum3
753 3730 948 3804 triurbem
964 3729 1134 3803 insulam
1157 3752 1249 3827 pro·

227 3877 279 3952 pe
297 3851 408 3926 Asiae
432 3853 620 3948 spatiosae
640 3865 815 3934 rostrum
838 3876 931 3926 cum
949 3852 1094 3951 Argiua
1113 3850 1249 3925 multi·
1352 3844 1354 3850 ’

229 3971 371 4047 tudine
400 3968 658 4044 inhabitantes
665 3995 676 4059 ;
729 4015 777 4029 -
830 3973 974 4070 quibus
997 3973 1091 4047 volo
1112 3970 1207 4045 inde
1227 3979 1316 4042 aStr·
1328 3993 1355 4035 2.

230 4077 463 4193 Tlepolemo
479 4116 691 4166 commune
711 4074 917 4167 contexere
944 4100 1121 4183 carmen,
1150 4097 1249 4166 Her·
1293 4049 1339 4120 ὅθ’

230 4217 327 4292 culis
347 4219 426 4292 late
442 4215 594 4315 potenti
612 4213 736 4314 stirpi.
765 4242 766 4248 ¹
789 4219 951 4290 Paterna
968 4213 1213 4314 enimstirpe
1228 4238 1251 4285 a

1153 4339 1251 4411 Ioue
