3092 5142
564 346 724 429 Carmen
752 339 822 431 Vl.
1121 370 1198 453 145

181 521 364 615 interfeci
390 540 488 615 olin‘r
517 542 711 632 Nemeae;
749 540 981 636 animusque
1009 520 1081 643 pai
1104 559 1198 618 esto.

181 664 288 734 Haec
313 660 449 758 vtique
471 661 531 733 illi
551 662 691 766 ‘locuto
716 661 824 736 misit
849 659 946 736 deus
978 665 1200 764 principem

180 782 337 871 auium,
363 800 546 880 magnam
570 784 753 878 aquilam
807 784 946 860 Suauis
971 809 1066 859 vero
1091 786 1200 860 intus

179 902 315 1002 ipsum
347 902 525 975 titillauit
561 905 743 1005 voluptas
803 947 847 960 -—
912 901 1088 1002 dixitque
1126 901 1268 980 alta&-
1246 913 1310 971 ὅ·

179 1048 281 1106 voce
303 1039 440 1122 vtpote
465 1040 591 1099 vates:
630 1026 714 1099 Erit
739 1025 810 1099 tibi
841 1021 963 1113 lilius,
991 1051 1108 1123 quem
1132 1053 1200 1127 pe·
1230 985 1325 1085 ⁷⁵1¹
1374 1035 1377 1041 “

179 1149 244 1233 tis,
274 1146 532 1234 oTelamon;
560 1160 599 1217 et
620 1146 752 1244 ipsum
779 1148 858 1236 aui,
882 1173 982 1243 quae
1004 1151 1254 1259 apparuit,

180 1267 336 1365 appella
358 1256 635 1365 cognominem
657 1265 794 1340 valde·
802 1264 1010 1342 robustum
1030 1269 1198 1361 Aiacem,

180 1388 287 1459 inter
312 1385 515 1484 populos
504 1411 546 1458 1n
568 1385 766 1497 laboribus
788 1388 1027 1485 stupendum
1045 1393 1196 1466 Martis
1363 1481 1365 1485 ¹

180 1510 311 1603 Atque
336 1507 391 1579 sic
416 1506 573 1579 locutus
602 1528 695 1578 mox
722 1508 907 1583 consedit.
969 1511 1077 1585 Mihi
1100 1538 1197 1587 vero
1296 1522 1298 1525 ’

180 1627 349 1725 longum
373 1623 493 1715 foret,
535 1650 671 1699 omnes
697 1651 1004 1730 commemorare
1028 1635 1197 1709 virtutes

131 1805 134 1808 .
181 1747 309 1847 (facta
339 1747 640 1840 Aeacidarum:
682 1749 915 1848 Phylacidae
948 1753 1056 1826 enim
1089 1755 1195 1843 veni,

182 1895 208 1943 o
235 1875 376 1959 Musa,
403 1868 647 1967 dispensator
674 1869 922 1968 Pytheaeque
951 1872 1197 1971 hymnorum

178 1992 515 2090 Euthymenique.
569 1989 809 2090 Argiuorum
826 2013 937 2066 more
953 1991 1107 2082 dicetur
1120 1996 1198 2068 vti.

180 2139 260 2212 que
280 2112 546 2212 paucissimis:
600 2153 646 2166 -··
669 2115 987 2211 Reportarunt‚
1020 2116 1194 2214 inquam,
1210 2109 1329 2250 Aa&

179 2235 363 2312 victorias
394 2259 445 2306 ex
477 2233 675 2331 pancratio
701 2248 787 2307 tres
819 2233 866 2307 ab
900 2236 1067 2327 Isthmo,
1105 2225 1196 2312 alias

142 2398 146 2405 ·
179 2370 314 2430 autem
339 2379 359 2426 a
384 2338 571 2443 frondosa
596 2359 747 2429 Nemea
776 2354 946 2428 illustres
975 2353 1124 2453 filiique
1156 2338 1218 2433 et

180 2475 382 2549 auunculi.
421 2474 698 2555 Produxerunt
714 2490 845 2551 autem
865 2477 907 2549 in
925 2475 1054 2549 lucem
1074 2500 1196 2572 quan·

179 2613 261 2670 tam
280 2597 504 2707 portionem
526 2596 787 2713 hymnorum!
837 2597 1238 2697 Psalychiadarum·

179 2743 259 2815 que
301 2703 450 2790 tribum
491 2717 711 2789 Gratiarum
748 2715 911 2816 irrigant
951 2721 1193 2817 pulcerrimo
1304 2727 1306 2730 ’

179 2864 292 2927 rore3
326 2837 614 2933 Themistiique
646 2836 766 2910 domo
805 2829 1016 2912 instaurata
1049 2841 1212 2915 hancce

177 2961 319 3035 vrbem
339 2957 416 3033 deo
433 2978 567 3031 'caram
584 2957 813 3032 inhabitant.
864 2960 1043 3056 Lampon
1060 2975 1193 3031 autem
1226 3012 1228 3015 -

179 3079 389 3156 “studium
420 3079 539 3154 rebus
569 3078 748 3178 gerendis
780 3077 994 3151 adlribens”
1029 3078 1193 3152 Hesiodi

176 3201 294 3275 valde
324 3201 464 3301 probat
491 3199 593 3273 illud
620 3198 792 3286 dictum,
831 3195 1009 3295 filiosque
1044 3201 1191 3296 praeci-

178 3323 292 3422 piens
318 3319 485 3418 (iisdem
507 3321 662 3417 verbis)
685 3320 932 3408 adhortatur,
986 3358 1033 3374 -
1086 3345 1189 3394 corn·
1203 3331 1298 3404 Era-a

177 3460 302 3516 mune
334 3443 485 3519 ciuitati
513 3442 633 3517 decus
658 3466 731 3515 suo
764 3439 947 3538 (decore)
979 3439 1200 3516 adducens.
1227 3421 1288 3458 ¹⁰⁸

174 3567 307 3639 Etiam
333 3563 383 3637 ob
410 3563 610 3640 benefacta
633 3561 874 3660 inhospites
901 3576 1071 3649 amatum
1104 3586 1189 3647 mo·

176 3684 274 3759 dum
312 3684 445 3760 animo
479 3707 737 3787 persequens,
787 3682 1032 3778 modumque
1069 3684 1187 3758 etiarn
1286 3668 1289 3675 ’

139 3894 145 3908 ‚
174 3808 267 3903 (re)
292 3831 452 3880 seruans
460 3833 471 3896 ;
501 3808 713 3905 linguaque
738 3820 820 3879 uon
849 3829 871 3878 a
898 3820 1033 3877 mente
1050 3804 1184 3880 aliena.

172 3927 292 3999 Dicas
327 3926 442 3999 illurn
474 3928 608 4000 virum
638 3926 743 3998 inter
773 3924 953 4010 athletas,
995 3949 1075 3999 esse
1104 3930 1186 4000 Na·

169 4045 298 4134 ariam,
340 4046 486 4146 lapides
514 4049 618 4121 inter
651 4046 766 4134 alios,
803 4045 1185 4121 aeris-domitricem

220 4199 316 4254 Parin.
331 4199 421 4254 Carnu
435 4198 500 4255 Vol.
509 4198 547 4252 II.
563 4269 567 4277 .
729 4169 763 4239 K
1042 4185 1180 4243 cotem.
