3092 5142
262 530 265 534 ’
370 516 423 600 68
748 507 959 611 'Pythia
1128 584 1133 593 ,
1405 485 1414 522 ’

367 700 566 798 religasset
579 698 816 772 necessitatis
840 696 1130 794 (domantibus)
1148 699 1384 777 instrumen-

369 823 421 894 tis
441 821 538 894 colla
558 822 816 917 (taurorum)
837 818 1034 891 incutiens
1052 818 1384 896 validorum-late·
1423 798 1424 835 ³

370 943 656 1041 rum-corpori
681 943 889 1016 stimulum
910 963 1091 1037 munem,
1123 939 1240 1015 fortis
1262 942 1384 1017 elabo-
1421 1018 1424 1029 ,

373 1065 478 1137 ranit
510 1065 750 1161 imperatum
781 1061 910 1161 (agri)
944 1062 1126 1158 spatium.
1190 1064 1385 1163 Ingemuit
1423 1138 1424 1145 ,

373 1210 471 1259 vero
495 1187 614 1257 tacito
627 1180 811 1280 quamuis
831 1180 968 1254 dolore
984 1181 1108 1256 robur
1128 1187 1280 1260 Iasonis
1297 1192 1385 1263 Aee·
1423 1220 1424 1231 ¹

244 1294 360 1434 Ἓξ·
373 1322 432 1380 tes
457 1304 671 1379 admiratus
720 1346 771 1361 -
792 1304 796 1311 '
821 1301 1020 1398 simulque
1049 1304 1147 1377 socii
1175 1302 1275 1378 forti
1291 1292 1385 1379 'viro

373 1427 515 1499 amicas
543 1426 797 1526 porrigebant
829 1448 990 1512 manns,
1031 1426 1269 1521 coronisque
1298 1450 1385 1520 epm

372 1547 570 1622 herbaceis
587 1545 865 1634 redimiebant,
894 1545 1124 1644 blandisque
1140 1547 1385 1623 sermonibus

373 1666 626 1766 excipiebant
688 1666 827 1743 Statim
851 1682 983 1741 autem
1008 1671 1108 1746 Solis
1134 1667 1385 1743 admirandus

373 1787 479 1863 lilius
498 1790 626 1862 vellus
642 1784 894 1886 splendidum
913 1787 1109 1864 indicabat
1121 1790 1192 1872 vbi
1208 1789 1313 1864 illnd
1327 1815 1385 1864 ex·
1420 1826 1424 1843 ι

373 1910 578 1984 tenderunt
600 1911 735 2005 Phrixi
756 1908 885 1982 cultri.
947 1912 1132 2009 Sperabat
1150 1928 1286 1986 autem
1308 1936 1386 1987 nou

373 2032 470 2105 item
493 2033 531 2104 ei
549 2033 702 2104 huncce
723 2019 996 2126 perfecturum
1011 2037 1320 2131 esse(12sonem)
1336 2032 1384 2104 la·
1423 2012 1424 2017 ¹

373 2152 524 2226 barem.
577 2146 813 2248 Propositum
834 2152 943 2223 enim
961 2169 1043 2227 erat
1057 2154 1101 2227 in
1118 2153 1232 2242 saltu,
1255 2152 1386 2229 draco-

373 2275 516 2371 nisque
545 2269 839 2346 custodiebatur
871 2273 1107 2347 saeuissimis
1140 2276 1280 2364 malis,·
1319 2276 1384 2373 qui

375 2394 546 2468 crassitie
582 2392 913 2494 longitudineque
946 2393 1385 2493 quinquaginta-remo·

373 2540 468 2589 rnm
497 2539 642 2588 nauem
668 2515 819 2614 (ipsam
844 2514 966 2612 Argo)
999 2515 1223 2612 superabat,
1268 2539 1382 2612 quam

246 2637 788 2722 !p‚11.construxerantictus
807 2612 912 2709 ferri.
965 2675 1013 2688 —
1064 2638 1201 2732 longe
1212 2636 1316 2710 mihi
1332 2637 1383 2729 (in

271 2734 335 2794 ⁴³⁹
373 2772 537 2857 promtu
554 2756 677 2848 esset)
691 2757 905 2854 procedere
930 2755 972 2826 in
991 2754 1077 2827 via:
1113 2757 1383 2852 opportunitas

374 2877 537 2975 quidem
552 2875 718 2975 adesset:
741 2876 806 2949 sed
823 2877 922 2950 noui
941 2876 1058 2949 etiam
1073 2875 1252 2949 semitam
1270 2902 1383 2973 quan·

373 2998 465 3072 dam
483 2990 880 3093 breiaem‚multisque
894 2997 1086 3095 praecello
1102 2995 1270 3072 artificio
1278 3000 1381 3097 (hoc)

372 3120 469 3194 aliis.
521 3118 667 3216 (Verbo
676 3120 706 3213 t)
731 3117 931 3194 Interfecit
943 3117 1009 3189 ille
1026 3133 1120 3203 arte,
1144 3121 1379 3199 caesiisocu·

372 3241 758 3338 lisvarioque-tergo
773 3255 1006 3338 serpentem,
1026 3264 1053 3312 o
1069 3242 1252 3332 Arcesila,
1275 3245 1380 3317 clam·
1423 3297 1425 3302 ,

372 3388 453 3461 que
468 3361 630 3435 abduxit
649 3360 833 3434 Medeam
855 3387 947 3435 cum
963 3363 1119 3450 vellere,
1132 3363 1264 3438 Peliae
1284 3387 1379 3438 mor·
1423 3415 1425 3460 5

373 3501 453 3557 tem
460 3510 471 3572 ;
502 3481 552 3554 ad
571 3482 795 3577 Oceanique
810 3499 979 3579 pontum
996 3499 1241 3556 accesserunt
1266 3509 1387 3558 marc-¹
1423 3574 1425 3580 ·

372 3631 450 3702 qne
477 3604 643 3678 rubrum
669 3603 1003 3700 Lemniarnmqne
1031 3620 1187 3703 gentem
1221 3596 1377 3680 femina·
1423 3638 1424 3642 ¹

371 3751 465 3800 rum
484 3723 759 3811 vincinarum,
797 3723 867 3794 vbi
888 3743 927 3798 et
950 3727 1223 3800 membrorum
1248 3729 1291 3800 in
1307 3749 1377 3800 cer·

371 3847 584 3920 taminibus
602 3845 866 3919 exhibuenmt
876 3847 1087 3944 specimen,
1108 3863 1217 3920 veste
1232 3846 1375 3933 nuda'ti,

244 3964 356 4105 Ἥ·
373 4011 419 4024 -
471 3984 510 4041 et
534 3975 642 4060 (cum
666 3967 762 4060 illis)
783 3984 1086 4042 consueuerant.
1138 3974 1270 4066 Atque
1284 3986 1374 4056 tum,

369 4092 413 4163 in
426 4090 642 4187 peregrinis
664 4088 757 4161 licet
770 4089 896 4178 terris,
911 4107 1061 4165 vestrae
1076 4090 1272 4167 felicitatis
1285 4093 1375 4168 scin·

299 4250 302 4255 -
368 4209 469 4283 tillas
486 4209 640 4306 accepit.
658 4206 784 4281 fatalis
801 4208 886 4284 dies
910 4213 975 4285 vel
994 4228 1138 4286 noctes.
1191 4214 1253 4288 Ibi
1275 4216 1373 4291 enim

1260 4360 1378 4439 genus
