3092 5142
347 491 432 628 '150
769 529 934 610 Isthmia.

223 720 225 723 ⁵
254 817 258 825 q
351 745 443 821 prae
469 716 602 817 (aliis)
636 717 828 811 tribuere-3
867 721 988 820 patris
1021 719 1220 816 siquidem
1245 717 1361 816 (eius)

352 843 528 942 geminae
572 840 738 941 xfuerunt
784 839 884 931 filiae
931 839 1231 939 Asopidumque
1273 855 1362 913 natu

352 964 558 1049 minimae,
584 964 751 1056 Iouique
768 963 1008 1060 placuerunt
1028 963 1121 1061 regi.
1176 959 1258 1062 Qui
1281 959 1364 1031 alte·
1407 1043 1412 1064 ἢ

354 1110 437 1158 ram
463 1083 623 1180 quidem
650 1082 850 1181 (Theben)
876 1082 982 1180 apud
1004 1078 1260 1181 pulcrifluam
1279 1080 1365 1154 Dir-

357 1230 441 1278 cem
469 1203 874 1279 curruum-studiosae
901 1203 1007 1296 vrbis
1033 1189 1240 1276 constituit
1264 1225 1366 1300 prae·

358 1323 501 1412 sidem;
555 1367 600 1378 -
653 1338 784 1396 tecum
810 1348 905 1397 vero
936 1326 980 1420 (ο
1006 1323 1169 1423 Aegina)
1195 1323 1238 1393 in
1265 1322 1366 1394 insu·

267 1438 272 1451 ’
318 1437 325 1453 ’
358 1446 444 1540 lam
467 1443 685 1542 Oenopiam
720 1444 898 1516 translata
932 1441 1141 1548 dormiuit3
1183 1443 1368 1517 diuinum

357 1568 426 1640 vbi
456 1566 641 1666 peperisti
673 1568 842 1637 Aeacum
868 1565 1110 1664 grauistrepo
1135 1563 1260 1664 patri,
1303 1564 1369 1636 ho·

357 1679 647 1762 noratissimum
673 1684 776 1756 inter
801 1685 999 1774 mortales3
1038 1686 1107 1782 qui
1135 1686 1256 1759 etiam
1282 1683 1369 1756 deo·
1396 1712 1400 1725 ¹

357 1834 449 1882 rum
474 1804 743 1893 litesdecidit.
798 1805 922 1882 Cuius
955 1801 1115 1900 quidem
1151 1805 1370 1904 diis-pares

359 1927 625 2002 excelluerunt
659 1924 749 2015 filii,
783 1942 1024 2026 nepotesque
1053 1927 1229 2002 bellicosi
1262 1926 1372 2001 forti·

359 2047 499 2121 tudine
531 2049 574 2120 in
608 2071 720 2131 aereo
751 2047 934 2121 luctuoso
965 2047 1175 2124 subeundo
1206 2054 1373 2148 strepitu

210 2215 212 2222 ·
252 2253 255 2259 ,
359 2145 473 2282 ¹belli;
500 2169 767 2267 sapientesque
790 2166 955 2241 fuerunt
976 2166 1268 2270 prudentesque
1294 2172 1373 2245 ani·

299 2312 304 2323 ²
361 2315 439 2365 mo
502 2293 606 2360 Haec
635 2287 750 2360 etiam
782 2286 950 2362 deorum
982 2290 1252 2366 meminerunt
1285 2313 1375 2365 con·

364 2411 464 2496 cilia,
489 2408 569 2505 (ex'
586 2431 632 2495 eo
660 2405 788 2480 adhuc
812 2410 1015 2506 tempore)
1042 2400 1192 2510 Iupiter
1217 2411 1374 2510 quando

364 2529 604 2624 illustrisque
633 2531 847 2627 Neptunus
877 2527 926 2602 de
958 2532 1137 2607 Thetidis
1169 2533 1378 2609 contende·

251 2751 255 2755 ¹
363 2650 656 2747 bant-nuptiis,
696 2673 859 2724 uxorem
892 2649 1107 2726 formosam
1140 2679 1233 2730 cum
1259 2657 1377 2729 vellet

259 2769 262 2775 ’
364 2788 531 2867 uterque
560 2783 670 2845 suam
696 2796 786 2846 esse.
840 2775 962 2848 Amor
983 2776 1089 2848 enim
1113 2778 1252 2873 (eius)
1273 2792 1378 2850 tene·

155 2910 158 2914 ·
210 2940 213 2948 ·
251 2923 252 2927 ¹
366 2895 431 2966 bat
466 2892 594 2989 (eos).
677 2891 752 2969 Sed
793 2919 876 2967 nou-
919 2897 1097 2993 ipsorum
1138 2900 1378 2971 immortales

366 3008 880 3115 perfecerunt'coniugium
910 3015 1077 3092 deorum
1105 3036 1279 3111 menteS,
1334 3063 1378 3076 -

269 3146 277 3195 ἱ
312 3165 334 3195 r·
367 3151 574 3234 postquam
611 3136 765 3207 oracula
788 3121 1049 3212 audiuerant.
1117 3142 1231 3213 Dixit
1273 3143 1379 3215 enim

278 3253 284 3269 ’
329 3250 336 3267 ’
369 3257 561 3331 consilio·
577 3258 707 3330 valens
741 3257 784 3328 in
819 3257 951 3331 medio
987 3261 1164 3358 ipsorum
1200 3263 1379 3336 Themis:

368 3377 483 3452 fatale
509 3402 605 3466 esse,
631 3376 758 3451 filium
785 3376 903 3451 deum
929 3383 1249 3476 praestantiorem
1273 3399 1380 3482 patre

368 3518 411 3573 vt
434 3502 556 3599 pariat
579 3480 730 3571 marina
753 3490 845 3586 dea,
881 3500 950 3594 qui
982 3514 1021 3572 et
1045 3499 1214 3592 fulmine
1245 3522 1382 3604 poten·

369 3623 447 3696 tius
472 3619 581 3695 aliud
609 3619 733 3694 telum
759 3619 975 3715 agitaturus
1001 3623 1050 3695 sit
1077 3649 1219 3713 manu,
1253 3642 1293 3698 et
1318 3628 1382 3699 tri·

370 3741 487 3815 dente
507 3742 678 3827 inuict0,
715 3739 861 3812 sicum
887 3745 983 3815 Ioue
1009 3745 1126 3840 (itta).
1149 3748 1382 3820 concumbat

371 3878 438 3937 aut
456 3865 562 3936 Iouis
585 3886 676 3935 cum
700 3857 808 3934 fatre.
862 3866 996 3960 Itaque
1019 3866 1114 3939 haec
1129 3868 1277 3967 (pergit
1292 3860 1382 3958 illa)

371 3982 488 4054 missa
511 3979 634 4054 facite.
688 3982 899 4054 Mortalem
925 3995 1054 4060 autem
1086 4002 1221 4060 torum
1252 3990 1383 4063 sortita

373 4097 500 4177 filium
528 4100 657 4173 videat
681 4103 935 4177 interemtum
960 4107 1084 4194 bello,
1116 4104 1240 4181 Marti
1263 4108 1383 4181 mani-

263 4286 294 4301 ..
373 4221 448 4300 bus
488 4221 675 4316 similem,
699 4222 1014 4328 ‘fulguribusque
1040 4227 1189 4330 'vigore
1225 4227 1382 4332 pedum.

1298 4353 1385 4429 Mea
