3092 5142
376 540 456 597 100
806 513 963 592 Nemea

368 706 566 783 bitarunt:
603 728 780 802 quornm
811 703 1264 799 antiquitus-celebrem
1297 730 1389 806 gen-¹

369 847 451 906 tem
471 855 554 903 non
569 826 828 901 dedecoribus
844 822 1092 898 Aristoclides
1113 849 1189 923 pro
1210 850 1283 898 sua
1298 851 1388 900 con·

263 958 354 1029 ΕΜ
370 951 576 1025 taminanit
592 965 714 1048 parte,
727 945 875 1020 tractus
888 948 932 1018 in
967 988 1016 1002 -
1050 946 1244 1045 pancratii
1257 963 1384 1021 coetu.

282 1042 330 1094 η’
368 1074 668 1148 laboriosarum
690 1084 825 1142 autem
849 1070 1052 1167 plagarum
1077 1069 1263 1140 leuamen
1287 1067 1385 1140 salu·

370 1197 438 1268 bre
471 1197 514 1267 in
549 1192 673 1270 fertili
705 1194 856 1267 Nemea
889 1191 1026 1290 pulcra
1063 1190 1232 1262 victoria
1265 1189 1382 1263 affert.

316 1386 322 1403 ,
368 1320 470 1391 Cum
495 1341 593 1390 vero
616 1313 724 1388 idem
750 1312 972 1397 formosus,
1005 1308 1157 1385 formae
1183 1328 1385 1385 consenta-

366 1460 441 1509 nea
469 1451 644 1535 patrans,
681 1432 731 1506 ad
758 1433 950 1504 virtutem
974 1456 1197 1530 supremam
1223 1451 1384 1509 euectus

367 1556 419 1628 sit
440 1551 547 1629 filius
563 1553 850 1654 Aristophanis:
873 1577 957 1626 non
980 1554 1017 1628 ei
1040 1555 1118 1661 iam
1141 1555 1311 1628 vlterius
1327 1556 1383 1628 in·

366 1679 483 1752 vium
498 1702 619 1766 mare,
645 1679 850 1752 columnas
866 1676 969 1747 vltra
984 1676 1178 1764 Herculis,
1204 1665 1381 1750 traiicere

258 1795 353 1936 Ψ
367 1796 481 1873 tacite
496 1815 572 1873 est:
624 1843 672 1856 —
724 1804 851 1873 Heros
872 1795 970 1872 deus
994 1823 1090 1893 quas
1112 1799 1249 1896 posuit
1270 1799 1380 1873 naui·

367 1921 535 2020 gationis
550 1935 745 1995 extremae
759 1936 876 1994 testes
892 1920 1045 1993 inclitas
1053 1945 1065 2008 ;
1084 1935 1298 2018 postquam
1313 1919 1381 1994 do

366 2044 470 2115 muit
500 2041 648 2114 belluas
676 2041 721 2113 in
745 2041 885 2139 pelago
910 2041 1116 2140 ingentes,¹
1137 2043 1380 2140 proprioque

326 2176 328 2180 ‘
366 2164 532 2236 consilio
554 2176 748 2246 scrutatus
765 2176 823 2234 est
837 2161 1031 2260 paludum
1050 2159 1212 2251 fluenta,
1236 2187 1380 2260 quous-

365 2307 444 2378 que
454 2281 606 2357 reditus
618 2282 814 2357 terminus
824 2281 1153 2386 pateqprocessiq
1159 2285 1380 2380 terramque

363 2419 499 2477 notam
516 2401 618 2478 fecit
670 2403 825 2491 Anime,
843 2406 1044 2502 quodnam
1060 2405 1111 2480 ad
1125 2407 1378 2506 peregrinum

363 2526 686 2624 promontorium
710 2548 842 2597 meam
866 2528 1158 2627 nauigationem
1181 2525 1379 2612 deflectis?

365 2653 490 2722 Aeaco
514 2663 553 2721 te
574 2648 695 2722 iubeo
712 2647 926 2746 generique
949 2650 1035 2723 eius
1049 2653 1210 2724 Musam
1231 2649 1376 2723 afferre.

265 2799 269 2806 ·
364 2767 483 2844 Adest
506 2793 604 2843 vero
637 2769 803 2842 carmini
827 2769 1030 2863 aequitatis
1053 2766 1127 2843 llos
1151 2770 1378 2867 (aequitas):

224 2882 305 2952 'Asu
323 2908 350 2950 2
365 2890 490 2986 (quod
507 2891 633 2982 iubet)
652 2889 778 2962 bonos
795 2886 972 2980 laudare3
1000 2933 1046 2946 -
1078 2894 1223 2986 Neque
1240 2891 1379 2964 aliena·

272 2979 317 3035 ⁵¹⁸
364 3031 455 3081 rum
474 3008 639 3083 laudum
664 3008 844 3084 studium
868 3034 1109 3107 quemquam
1128 3007 1300 3098 adferre,
1325 3008 1377 3083 las

363 3141 431 3201 est.
443 3128 668 3203 Domestica
676 3129 1106 3228 quaereCommodum
1116 3144 1249 3204 autem
1260 3127 1377 3202 decus

283 3292 286 3295 -
362 3251 544 3348 accepisti
570 3251 737 3348 (habes)
759 3250 809 3324 ad
832 3249 947 3325 dulce
972 3251 1121 3348 aliquid
1143 3249 1375 3326 canendum.

361 3370 467 3444 Nam
484 3369 655 3466 antiquis
674 3372 909 3469 (antiquitus
925 3373 1022 3467 iam)
1038 3374 1254 3449 virtutibus
1270 3374 1377 3475 gaui-

361 3512 428 3564 sus
451 3504 509 3564 est
523 3492 663 3567 Peleus
686 3520 773 3592 rex,
800 3494 983 3567 eximiam
1003 3494 1148 3566 hastam
1169 3518 1298 3591 quum
1320 3520 1376 3568 re·

283 3698 286 3703 ¹
362 3612 548 3686 secuisset
558 3639 569 3702 ;
595 3615 666 3712 qui
683 3630 723 3687 et
739 3614 891 3688 Iolcum
907 3615 1150 3715 expugnauit
1167 3615 1275 3688 solus
1296 3618 1375 3696 sine

361 3735 553 3823 exercitu,
575 3753 615 3810 et
635 3737 787 3810 marina
804 3736 973 3810 Thetide
992 3738 1142 3835 potitus
1161 3737 1225 3811 est'
1235 3763 1374 3839 magno

362 3877 455 3928 cum
476 3856 617 3933 labore.
659 3855 969 3932 Laomedontem
989 3875 1121 3932 autem
1143 3877 1373 3960 praepotens

361 3977 570 4068 Telamon,
599 3980 707 4054 Iolao
731 3979 832 4054 latus
860 3996 1014 4078 tegens,
1043 3983 1278 4078 prostrauit;
1313 3980 1380 4040 ’-’

254 4109 307 4235 tp.
318 4124 346 4167 a.
359 4109 400 4170 et
414 4097 767 4195 quondam‘aereo·
776 4103 1114 4200 arcu-insignium
1130 4107 1371 4181 Amazonum

294 4190 321 4254 4
359 4217 643 4298 adexerciturn
666 4241 824 4299 secutus
844 4239 902 4299 est
922 4248 1035 4314 eum,
1059 4248 1190 4323 neque
1207 4228 1288 4328 ipsi
1306 4254 1368 4301 vu·

1253 4372 1365 4446 quam
