3092 5142
519 508 523 519 “
552 483 711 563 Carmen
740 481 812 564 XI.
1131 513 1179 585 91

178 681 289 761 diest
309 703 358 767 an
378 677 454 750 alio
473 690 561 749 toro
579 675 843 749 lasciuientem
865 677 1050 752 nocturni
1072 678 1184 775 sedu-

179 818 321 878 xerunt
340 798 563 896 amplexus?
587 795 694 890 quod
713 821 804 870 sane
826 798 1038 873 iuuenibus
1055 803 1184 874 vxori-

179 925 252 997 bus
279 918 570 996 odiosissimum
594 932 650 989 est
669 913 884 1017 flagitium,
919 915 1080 1015 fierique
1100 945 1184 993 non
1247 973 1250 977 -
1355 974 1363 989 ..

180 1057 326 1142 potest,
338 1056 381 1113 vt
397 1038 615 1113 occultetur
666 1079 711 1092 ——
763 1039 897 1111 alienis
916 1039 1071 1139 linguis.
1098 1045 1249 1120 Ma-rr·
1264 1063 1291 1104 2·
1358 1057 1360 1061 ’

179 1163 297 1238 ledici
319 1163 424 1237 enirn
452 1159 692 1253 suntciues3
719 1161 959 1254 sustinetque
982 1162 1183 1259 opulentia
1221 1127 1266 1191 ⁴³⁰

179 1311 260 1358 non
286 1284 482 1358 minorem
505 1277 717 1366 inuidiam;
750 1296 788 1351 at
820 1281 1022 1353 humiliter
1043 1281 1183 1356 vinens

181 1406 222 1479 in
239 1399 466 1478 abscondito
484 1398 617 1474 fremit
632 1399 860 1496 (obtrectat).
909 1403 1063 1482 Interiit
1081 1421 1183 1479 certe

182 1523 403 1624 (quicquid,
430 1522 511 1616 est)
544 1524 627 1619 ipse
657 1521 773 1594 heros
798 1519 966 1610 Atridae,
1003 1549 1184 1602 reuersus

180 1644 358 1730 tandem,
389 1643 531 1716 inclitis
557 1642 600 1714 in
628 1641 817 1739 Amyclis,
869 1685 917 1698 -
977 1661 1184 1743 vatemque
1196 1664 1251 1718 Ser.
1262 1676 1291 1731 3.

132 1784 145 1819 ²
180 1765 354 1871 perdidit
377 1788 508 1838 secum
534 1763 724 1861 puellam,
758 1777 965 1859 postquam
989 1765 1039 1838 ob
1070 1771 1184 1844 Hele.
1228 1741 1273 1807 4⁹

177 1912 274 1961 nam
291 1899 517 1958 exustorum
537 1886 798 1959 Troianorum
817 1881 956 1957 deiecit
974 1883 1113 1963 domos
1134 1888 1185 1965 de

181 2006 389 2106 (pristinis)
413 2005 564 2102 opibus.
624 2008 673 2078 At
692 2002 757 2074 ille
777 2005 959 2095 (Orestes)
979 2006 1028 2080 ad
1051 2030 1188 2085 senem*

178 2130 375 2227 hospitem
410 2127 637 2224 Strophium
671 2124 851 2223 peruenit
883 2130 1028 2222 puerili
1060 2134 1184 2231 capite

179 2249 336 2350 (puer),
376 2248 550 2321 Parnassi
580 2245 721 2344 pedem
755 2244 1008 2339 incolentem,
1052 2269 1185 2350 postea
1287 2248 1289 2253 ’

178 2395 276 2445 vero
290 2372 419 2447 Marte
434 2365 576 2463 (ferro)
592 2379 629 2438 et
646 2379 811 2441 matrem
830 2365 1024 2447 interfecit
1040 2392 1077 2448 et
1098 2377 1184 2451 neci

179 2491 289 2567 dedit
299 2486 536 2588 Aegisthum.
594 2525 636 2539 -
687 2489 809 2573 Certe,
830 2510 854 2559 o
872 2488 998 2579 amici,
1014 2492 1184 2568 iter-*de-
1198 2510 1308 2579 ΑΜ
1351 2467 1356 2478 .

176 2611 361 2698 flectente
377 2606 501 2682 trinio
517 2620 678 2704 vagatus¹
692 2628 793 2692 sum,
815 2630 905 2680 cum
927 2625 1030 2684 recta
1045 2613 1109 2686 via
1127 2614 1186 2687 in·
1222 2589 1286 2649 ω’

181 2733 361 2808 cederem
386 2742 516 2813 antea3
557 2741 625 2805 aut
653 2740 795 2800 ventus
826 2754 890 2810 me
914 2729 1055 2827 aliquis
1082 2750 1187 2810 extra

182 2848 423 2950 (nauigandi)
440 2871 597 2921 cursum
613 2849 802 2947 propulit,
832 2865 872 2922 vt
888 2831 1092 2953 nauigium
1107 2881 1188 2929 ma·

182 2977 354 3069 ninum.¹
383 2967 454 3050 Ad,
469 2982 508 3039 te
530 2990 645 3060 vero,
676 2992 700 3041 o
726 2973 861 3060 Musa,
888 2972 1013 3069 (quod
1035 2978 1186 3070 attinet)

184 3100 214 3171 si
228 3089 411 3171 mercede
431 3103 539 3187 pacta
555 3091 594 3160 e's
612 3088 738 3164 locare
756 3117 893 3166 vocem
908 3112 1188 3195 argento-con·
1269 3176 1276 3196 ‚

185 3215 356 3301 ductam,
380 3211 471 3283 alias
488 3209 561 3282 alia
576 3234 739 3285 mouere
753 3206 824 3310 par
846 3203 920 3287 est:
954 3257 999 3272 -
1039 3223 1133 3294 Non
1148 3219 1187 3315 t)
1202 3222 1254 3292 Ep·
1266 3231 1294 3286 a·
1321 3244 1330 3254 ·

183 3337 286 3438 patri
307 3331 560 3436 Pythionicae
589 3355 696 3404 nnnc
726 3348 795 3405 aut
823 3334 1071 3434 Thrasydaeo
1100 3342 1187 3438 ipsi,
1269 3326 1278 3345 '
1358 3328 1362 3343 ’

184 3480 358 3556 quorum
377 3451 595 3546 laetitiaque
610 3465 649 3524 et
664 3453 786 3550 gloria
801 3457 1028 3560 resplendet.
1083 3461 1190 3534 Olim

186 3578 366 3654 curribus
388 3572 573 3673 praeclari
591 3572 756 3647 victores
770 3576 1053 3675 Olympiaeque
1072 3595 1191 3652 certa·-

185 3700 345 3796 minum
368 3693 711 3784 celeberrimorum
740 3697 997 3771 obtinuerunt
1025 3700 1190 3786 celerem

184 3819 385 3918 fulgorem·
409 3812 644 3911 (victoriam)
671 3818 780 3911 equis
788 3843 799 3905 3
851 3861 898 3872 —
949 3817 1298 3918 Delphisquetrra

138 3956 140 3962 “
187 3937 332 4037 (nunc)
356 3933 459 4009 nudi
486 3935 529 4033 in
555 3932 724 4011 stadium
748 3960 874 4034 quum
898 3926 1192 4031 descendissent,
1230 3901 1275 3956 ⁷⁵⁰

749 4061 753 4071 ’
1037 4086 1197 4167 supera·¹

263 4261 305 4363 Ὺ)
326 4258 412 4342 [⁴⁸5⁰
433 4234 479 4341 roi
497 4254 588 4341 πατρὶ
610 4255 653 4327 Π.
675 4279 706 4322 v,
716 4227 780 4337 ⁶7·-
906 4295 908 4298 .
967 4266 970 4271 >
