3092 5142
798 469 991 580 Olympia.

400 666 1387 703 Μ

730 868 950 943 OLYMP.
992 874 1054 947 vt
1179 929 1183 937 -

340 1114 347 1135 ,
475 1046 774 1167 tessun
823 1052 1305 1183 srunovsANo.

723 1192 866 1271 nanda
896 1207 1060 1273 malari.

273 1425 329 1482 ra.
344 1442 369 1482 ι.
382 1378 564 1487 Auratas
604 1408 854 1484 subiicientes
885 1405 986 1482 bene
1019 1423 1213 1485 exstructo
1252 1408 1391 1490 domus

383 1533 581 1629 vestibulo
612 1532 838 1620 columnas,
869 1528 1075 1629 praeclaris
1097 1529 1207 1606 velut
1224 1533 1268 1607 in
1294 1534 1391 1611 aedi·

381 1658 470 1746 bus,
494 1654 718 1730 educemus.
771 1637 1025 1750 Auspicantes
1043 1651 1150 1724 enim
1170 1676 1270 1753 opus
1286 1653 1391 1731 fron.

381 1797 463 1857 tem
487 1778 609 1855 decet¹
624 1797 773 1873 ponere
793 1773 911 1873 longe
932 1770 1185 1871 splendidam.
1238 1778 1390 1852 sivero
1422 1858 1425 1877 Ι

210 1905 215 1913 ’
381 1905 431 1976 sit
453 1891 687 1998 Olympicus
711 1896 861 1985 victor,
893 1917 1058 1990 araeque
1080 1891 1259 1995 fatidicae
1287 1899 1390 1973 Iouis
1420 1882 1425 2007 1

178 2110 184 2119 ,
235 2048 238 2053 ·
298 2018 336 2067 ’·
379 2024 425 2099 in
441 2024 529 2099 Pisa
551 2015 790 2120 praefectus,
820 2014 1080 2112 conditorque
1102 2015 1301 2091 nobilium
1323 2025 1389 2118 Sy·

160 2138 165 2147 ’
379 2166 647 2230 recusatum
674 2164 887 2236 quemnam
917 2136 984 2211 ille
1018 2161 1101 2211 non
1134 2155 1388 2234 consequatur

202 2302 216 2361 j
231 2286 245 2319 ·'
366 2250 608 2366 hymnum(
619 2277 756 2336 nactus
774 2285 857 2334 non
872 2257 1107 2333 inuidorum
1122 2257 1274 2357 ciuium
1293 2285 1388 2333 ama·

245 2372 363 2501 Qu·
378 2388 473 2463 bilia
493 2383 688 2460 carmina?
741 2423 789 2438 -
841 2380 962 2476 Atqui
982 2378 1087 2467 sciat,
1109 2379 1153 2452 in
1170 2379 1246 2455 hoc
1260 2382 1386 2463 ,calceo

167 2492 171 2499 ⁵
219 2488 226 2501 ’
361 2511 532 2587 'felicem
547 2503 688 2605 pedem
706 2500 914 2589 rehabere,
931 2499 999 2599 (ad
1014 2525 1055 2576 se
1069 2500 1164 2576 haec
1177 2503 1384 2600 pertinere)

375 2630 539 2712 Sostrati
556 2626 670 2702 filius.
718 2625 991 2699 Periculorum
1007 2647 1106 2697 vero
1122 2638 1297 2722 expertes
1313 2626 1383 2698 vir·

374 2770 479 2828 tutes
497 2774 570 2826 nec
587 2747 894 2823 interhomines
912 2750 1032 2842 (terra
1047 2747 1283 2845 pugnantes)
1305 2771 1381 2845 pre·

373 2877 430 2950 tio
450 2870 662 2946 habentur:
694 2892 767 2940 nec
786 2867 830 2951 in
846 2867 1015 2948 nauibus
1032 2869 1137 2941 cauis
1144 2893 1156 2956 ;
1181 2865 1261 2956 sed,
1280 2852 1378 2966 prae·
1424 2960 1427 2970 Ι

373 2997 523 3070 clarum
538 2991 572 3064 si
587 2985 684 3086 quid
699 3012 792 3061 cum
809 2985 942 3061 labore
957 3007 1110 3088 gestum
1125 2988 1258 3079 fuerit,
1271 2987 1378 3063 multi

287 3174 290 3180 .
372 3118 457 3192 eius
473 3111 752 3187 meminerunt.
805 3112 852 3183 In
873 3124 913 3183 te
932 3135 1048 3200 ver0,
1079 3136 1103 3185 o
1124 3111 1280 3210 Agesia,
1304 3112 1381 3185 laus

371 3263 416 3313 ea
436 3235 645 3320 conuenit,
673 3257 792 3328 quam
814 3232 919 3306 iuste
941 3233 1037 3306 olim
1057 3231 1240 3324 Adrastus
1258 3234 1302 3306 in
1322 3242 1383 3307 va·'

369 3373 451 3431 tem
484 3352 677 3431 Oiclidem
705 3355 988 3452 Amphiaraum
1024 3379 1093 3429 ore
1121 3355 1377 3454 proloquutus

369 3493 446 3566 est,
477 3499 603 3573 quum
627 3489 732 3550 terra·
757 3477 969 3575 ipsumque
999 3492 1038 3550 et
1064 3469 1235 3575 insignes
1263 3492 1381 3574 equeb
1419 3554 1425 3569 ,

370 3596 629 3695 absorpsisset.
687 3640 732 3653 -
794 3603 952 3696 Septem
979 3598 1088 3670 enim
1118 3595 1300 3697 deinceps
1322 3621 1377 3672 ro-

369 3721 427 3820 gis
451 3716 686 3799 cadauerum
704 3722 919 3808 exstructis,
946 3715 1192 3793 Talaionides
1208 3740 1377 3816 pronun·

368 3841 484 3915 tiauit
509 3837 613 3936 apud
640 3840 796 3930 Thebas
819 3841 894 3914 tale
918 3839 1079 3938 aliquod
1108 3837 1278 3913 dictum:
1304 3843 1391 3913 De..

252 3974 255 3980 '
368 3946 497 4038 sidero
518 3960 709 4033 exercitus
727 3962 806 4035 mei
822 3962 978 4049 lumen,
1013 3950 1235 4059 pariterque
1252 3975 1377 4034 vatem

366 4109 449 4158 non
477 4082 608 4187 minus
631 4083 866 4179 sapientem,
904 4106 1024 4178 quam
1041 4083 1150 4157 hasta
1168 4079 1377 4183 pugnando

365 4204 520 4281 fortem.
577 4202 697 4306 Quod
716 4200 823 4277 idem
844 4227 952 4283 nunc
972 4204 1160 4280 conuenit
1178 4206 1221 4279 in
1239 4201 1379 4304 hymni

1303 4346 1379 4398 me1

241 3640 296 3718 Ep.
309 3657 354 3712 23.
