3092 5142
238 552 242 571 .
336 533 340 540 ⁴
370 509 420 580 30
734 476 737 480 ’
793 477 983 590 Olympia·

365 676 498 762 crum,
513 696 572 749 ne
595 670 765 747 auferret
789 698 883 780 eum
905 687 1100 760 senectus,
1135 693 1308 752 mortem
1326 677 1389 755 ad·

342 821 550 900 mouens,
575 794 718 869 orbum
739 795 860 892 prole.
921 796 1043 867 Enixa
1064 809 1196 867 autem
1218 813 1275 870 est
1299 824 1388 897 pro·

361 920 441 993 lem
465 916 801 1018 generosissimam
826 939 946 1001 vxor;
980 914 1216 1011 gauisusque
1243 934 1302 992 est
1330 922 1394 994 in·-

275 1067 279 1074 ·
361 1043 488 1116 tuitus
516 1041 632 1114 heros
667 1036 872 1110 subditum
902 1034 1040 1110 filium.
1113 1039 1288 1121 Materni
1320 1042 1385 1114 aui

140 1192 144 1205 ·
252 1186 265 1199 ·“
360 1179 491 1238 autem
513 1162 627 1235 iussit
645 1184 736 1231 eum
759 1158 1033 1257 cognominem
1056 1181 1155 1245 esse,
1179 1184 1383 1235 summum

359 1284 495 1358 virum
516 1280 643 1354 forma
665 1294 703 1351 et
725 1275 854 1366 factis,
880 1278 1096 1373 vrbemque
1119 1280 1157 1351 ei
1181 1279 1291 1354 dedit
1315 1308 1382 1381 po·

231 1423 299 1486 Ani.
317 1434 343 1491 3·
359 1405 582 1504 polumque
597 1397 825 1499 regendum.
876 1439 921 1454 -
976 1398 1234 1475 Aduenerunt
1250 1419 1380 1478 autem

258 1514 319 1552 ²⁰¹·
360 1522 561 1620 (adeum)
589 1519 761 1608 hospites
787 1542 835 1591 ex
859 1519 970 1618 Argis
996 1547 1042 1593 ex
1068 1521 1313 1618 Thebisque‚
1343 1540 1378 1598 et

357 1639 523 1720 Arcades
547 1643 721 1735 itemque
737 1638 893 1715 Pisatae.
934 1641 1086 1715 Filium
1111 1659 1245 1716 autem
1265 1650 1376 1720 Acto-

356 1767 410 1840 ris
435 1764 681 1862 Aeginaeque
706 1761 958 1834 Menoetium
980 1761 1148 1836 maxime
1165 1763 1376 1840 honorauit

355 1888 460 1960 inter
493 1884 672 1958 aduenas.
740 1882 862 1955 Cuius
894 1877 998 1953 filius
1031 1906 1123 1954 cum
1160 1884 1304 1959 Atridis
1336 1889 1374 1960 in

356 2005 609 2085 Teuthrantis
626 2000 753 2074 solum
771 1996 983 2097 proiectus,
1007 2003 1110 2075 stetit
1126 2028 1218 2078 cum
1229 2009 1374 2080 Achille

355 2131 481 2216 solus,
517 2138 814 2203 cumpstrenuos
838 2124 995 2196 Danaos
1017 2124 1060 2195 in
1084 2122 1220 2224 fugam
1244 2153 1372 2202 versos

353 2250 522 2324 marinas
551 2247 594 2318 in
619 2267 771 2343 puppes
799 2243 998 2341 Telephus
1029 2246 1302 2342 compulisset,
1333 2265 1372 2321 vt

347 2371 551 2469 specimen
574 2365 695 2452 daret,
718 2361 823 2438 vnde
842 2361 1015 2461 prudens
1039 2354 1207 2463 quisque
1232 2393 1371 2468 cogno-

353 2505 475 2594 sceret
497 2489 665 2564 Patrocli
683 2484 828 2559 fortem
843 2482 1047 2595 animum:
1082 2493 1141 2562 Ex
1171 2512 1252 2586 quo
1272 2493 1385 2566 The·-

248 2599 336 2738 ξξξ·
351 2613 444 2691 tidis
467 2612 597 2713 proles
616 2609 839 2709 periculoso
863 2609 979 2683 illum
1003 2610 1047 2684 in
1070 2610 1174 2685 bello
1220 2655 1267 2668 -
1310 2639 1370 2686 ro·

350 2733 483 2834 gabat,
509 2757 561 2805 ne
582 2756 771 2828 vmquam
791 2755 812 2803 a
832 2756 910 2823 sua
924 2756 1099 2808 seorsum
1120 2733 1369 2806 mortalium·

273 2890 276 2895 r
350 2852 698 2930 domitrice-hasta
724 2854 767 2926 in
794 2854 874 2928 acie
900 2868 1025 2929 staret.
1078 2829 1211 2927 Essem
1237 2850 1368 2927 facun-

349 2970 436 3063 dus,
462 2991 505 3048 vt
523 2973 776 3072 procederem
793 2990 928 3048 vectus
947 2975 989 3047 in
1003 2979 1212 3050 Musarum
1236 2997 1366 3060 curru,
1411 2966 1416 2973 ’

347 3097 587 3193 audaciaque
628 3114 666 3171 et
705 3096 834 3197 ampla
869 3094 1031 3170 facultas
1071 3095 1172 3168 mihi
1208 3092 1364 3168 adesset.

345 3221 561 3294 Enimvero
579 3217 629 3291 ob
643 3218 808 3317 hospitii
822 3217 1151 3294 necessitudinem
1161 3216 1368 3289 virtutem·
1396 3222 1400 3233 '

345 3365 424 3439 que
448 3340 542 3414 veni
572 3337 751 3413 laudator
775 3340 947 3415 Isthmiis
978 3338 1366 3436 Lampromachico-

332 3463 474 3553 ironis,
501 3459 599 3535 dum
626 3461 741 3535 ambo
766 3461 851 3559 (ille
874 3475 912 3532 et
936 3459 1236 3556 Epharmostus)
1263 3460 1366 3533 vice·
1417 3502 1418 3506 =

232 3586 438 3661 Str-trum
496 3572 561 3639 -’
608 3584 842 3671 certamine,
875 3604 957 3654 vno
987 3578 1070 3665 die;
1105 3580 1202 3651 aliae
1232 3595 1364 3655 autem
1396 3611 1399 3618 ·

249 3673 310 3728 ³²⁷⁹
341 3706 442 3781 duae
469 3703 518 3777 ad
544 3706 725 3778 Corinthi
749 3719 880 3803 portas
903 3717 1123 3774 euenerunt
1150 3715 1284 3798 postea
1308 3701 1365 3773 vi·

277 3872 280 3881 ·
341 3830 527 3917 ctoriae‚‘
547 3827 721 3923 aliaeque
750 3824 1009 3923 Epharmosto
1037 3823 1211 3894 Nemeae
1236 3823 1280 3893 in
1305 3847 1365 3895 re·

339 3975 468 4038 cessu3
494 3946 684 4046 Argisque
709 3945 882 4020 obtinuit
903 3942 1020 4018 decus
1042 3942 1278 4033 (victoriam)
1305 3943 1364 4014 in-

338 4073 537 4159 territos,
563 4093 742 4168 puerque
755 4065 926 4141 Athenis.
981 4062 1103 4164 Quale
1125 4077 1256 4136 autem
1275 4069 1363 4139 Ma·

337 4193 538 4285 ratlrone‚.
561 4186 757 4290 digressus
788 4186 835 4262 ab
871 4184 1133 4275 imberbibus,
1170 4187 1362 4259 sustinuit

1241 4323 1362 4380 081Ὶᾶ-
