3092 5142
562 542 720 621 Carmen
738 494 819 621 th
1113 563 1187 639 ¹39
1284 605 1289 614 .

181 744 351 819 exaltans
383 738 570 812 virtutem
599 759 669 832 per
698 733 838 806 seriem
867 731 1008 805 cecinit
1034 728 1191 816 diuino·

183 891 276 940 rum
318 882 505 936 versuum
539 854 703 952 posteris
743 850 1029 927 decantandam.
1088 856 1190 925 Hoc

183 986 291 1058 enim
318 976 707 1053 immortale-sonans
731 973 929 1074 procedit,
967 971 1075 1068 quod
1101 974 1189 1069 quis

184 1101 356 1174 carmine
371 1101 532 1199 egregio
555 1095 823 1181 celebrauerit;
858 1109 896 1165 et
918 1093 1190 1193 omnifrugife·

182 1247 266 1293 ram
291 1245 362 1318 per
384 1236 525 1293 terram
550 1223 588 1292 et
611 1243 681 1316 per
703 1239 809 1289 mare
829 1214 975 1288 incedit
995 1213 1208 1317 factorum*
1273 1238 1278 1255 ⁸

182 1340 367 1438 splendor
392 1341 638 1439 egregiorum
665 1338 901 1413 inextinctus
927 1361 1087 1433 semper
1140 1377 1188 1390 -

181 1462 375 1557 Propitius
402 1463 537 1533 Musas
568 1460 718 1531 vtinam
743 1458 953 1530 habeamus
982 1456 1043 1529 ad
1058 1481 1188 1530 accen·
1172 1454 1279 1593 ιᾸςῑό·
1287 1465 1313 1521 ἃ

183 1580 352 1654 dandam
369 1581 485 1653 illam
486 1578 616 1651 facem
626 1580 874 1676 hymnorum
889 1579 1003 1650 etiam
1013 1579 1186 1666 Maliaco,
1345 1645 1347 1652 s

182 1725 367 1772 coronam
395 1701 591 1798 pancratio
618 1697 796 1796 dignam,
832 1701 998 1797 germini
1024 1701 1190 1785 Telesia·

182 1819 272 1894 dae!
326 1821 468 1893 Animo
486 1821 603 1905 enim,
623 1821 667 1891 in
683 1816 812 1922 labore
831 1819 1048 1907 subeundo,
1073 1819 1191 1894 auda·
1255 1913 1258 1921 Ι

182 1940 265 2023 ciae
284 1941 418 2039 similis
441 1940 890 2038 grauiter-frementium
910 1940 1089 2015 ferorum
1109 1942 1189 2014 leo·

182 2087 301 2148 num;
327 2061 533 2159 prudentia
553 2088 647 2136 vero
668 2064 824 2160 vulpeS,
848 2087 947 2157 quae
967 2060 1188 2158 resupinata

184 2183 337 2278 aquilae
373 2183 568 2281 impetum
600 2183 764 2257 cohibet.
842 2188 1006 2281 Oportet
1043 2199 1186 2270 autem,

183 2301 346 2399 quiduis
359 2305 560 2378 moliendo
578 2292 802 2378 labefactare
818 2302 981 2378 hostem.
1011 2344 1057 2374 -.
1092 2292 1187 2377 Non
1201 2287 1290 2430 ἓξὲξ
1327 2318 1331 2323 ’

184 2425 293 2497 enim
325 2441 508 2499 staturam
542 2428 752 2501 Orioneam
786 2427 958 2525 sortitus
975 2440 1040 2519 est.
1112 2424 1209 2524 sed]

183 2546 461 2619 contemtibilis
489 2545 688 2645 adspectu,
719 2549 762 2620 in
791 2545 975 2621 conflictu
1004 2568 1100 2616 vero
1125 2569 1188 2616 ro·

182 2666 279 2738 bore
298 2666 340 2757 l)
368 2651 506 2764 grauis.
576 2668 695 2764 Atqui
731 2665 931 2764 quondam
970 2656 1030 2737 ad'
1054 2665 1209 2738 Antaei

183 2785 316 2874 aedes,
340 2787 484 2884 Thebis
507 2812 529 2859 a
550 2786 743 2887 Cadmeis,
770 2803 915 2862 statura
930 2785 1081 2874 breuis,
1107 2788 1189 2860 ani·

177 2933 251 2988 ,mo
269 2896 364 2981 vero
380 2907 567 2996 inuictus,
595 2909 872 2985 colluctaturus
891 2907 999 2979 venit
1014 2907 1128 3011 heros
1145 2909 1189 2980 in

184 3028 429 3102 triticiferam
446 3028 628 3126 Libyam;
654 3029 793 3104 craniis
812 3044 855 3100 vt
871 3029 1071 3126 hospitum
1084 3044 1189 3128 tem·
1311 3125 1313 3128 Α

182 3136 297 3245 plum
322 3149 503 3251 Neptuni
528 3149 769 3245 operientem
791 3151 1190 3246 (Antaeuml‘coerco
1219 3204 1222 3208 r
1341 3150 1344 3156 “

184 3285 264 3355 ret,
290 3339 294 3342 ,
317 3309 363 3323 -
416 3265 518 3342 filius
536 3268 750 3344 Alcmenae.
805 3271 885 3371 Qui
904 3271 947 3343 in
971 3271 1296 3370 olympumters

183 3386 290 3476 abiit,
311 3414 401 3462 cum
420 3405 458 3461 et
473 3405 592 3462 terras
609 3413 744 3462 omnes
760 3406 798 3463 et
814 3370 1191 3493 impraeceps-pro-
1233 3351 1279 3420 ⁹4

146 3503 151 3511 ‘
183 3509 304 3585 fundi
330 3511 415 3582 cani
436 3509 553 3580 maris
581 3509 815 3609 explorasset
838 3528 1004 3606 aequor,
1032 3516 1191 3614 nauiga-

184 3632 438 3726 tionibusque
481 3627 628 3702 fretum
671 3630 993 3714 mansuefecisset.
1070 3638 1190 3708 Nunc
1278 3615 1288 3658 ⁴

184 3776 279 3826 rero
310 3748 416 3849 apud
447 3751 689 3846 Aegiochum
721 3755 1043 3852 praestantissima
1069 3754 1191 3833 felici·

186 3889 269 3946 cate
293 3869 427 3944 fruens
449 3871 612 3958 habitat,
646 3870 867 3981 coliturque
888 3874 934 3947 ab
958 3871 1192 3954 Immortali-
1276 3913 1279 3923 ·

134 3998 137 4004 ’
185 3995 279 4081 bus,
305 3991 434 4091 (ipsis)
454 4015 581 4078 carus,
606 3989 816 4088 Hebaeque
836 3996 999 4070 maritus
1020 4014 1096 4088 est,
1123 4026 1191 4074 au·

183 4137 341 4189 reatum
325 4108 514 4186 aedium
532 4108 728 4203 dominus,
751 4128 791 4187 et
808 4134 928 4214 gener
943 4121 1115 4194 Iunonis.
1143 4163 1190 4180 -—

304 4239 306 4242 ’
497 4229 500 4235 ’
1119 4242 1193 4318 Cui

249 4344 287 4423 t³)
307 4341 383 4424 Leg.
404 4336 490 4420 aspa
508 4355 576 4400 non
595 4333 710 4419 αἰχμᾷ.
751 4344 752 4347 ’
1301 4338 1304 4342 ’
