3092 5142
568 533 728 615 Carmen
757 533 789 616 l.
1051 490 1054 498 Ι
1124 500 1127 505 ’
1164 560 1206 634 5-

157 725 278 804 disse.
334 768 383 786 -
427 729 466 834 ‚A
483 751 548 800 me
563 751 658 801 vero
677 728 888 826 impetrare
905 749 988 799 nou
1010 751 1185 827 possum,
1199 745 1289 817 Epor.

131 944 133 951 Ι
157 860 204 925 v't
223 849 458 924 helluonem
481 849 647 923 deorum
671 847 844 943 aliquem
859 830 1003 923 dicam,
1033 855 1185 950 Longe
1198 831 1225 870 ²'
1239 825 1285 886 3²⁸

159 972 312 1047 absum.
366 973 520 1046 Malum
541 970 729 1066 consequi
746 970 844 1042 solet
863 970 1000 1043 crebro
1022 971 1184 1046 maledi·

160 1118 235 1175 cos.
261 1094 335 1188 „Si
355 1112 451 1167 vero
478 1094 606 1167 vllum
630 1092 838 1165 mortalem
862 1091 1025 1191 Olympi
1047 1092 1184 1168 mode·

159 1231 308 1290 ratores
340 1214 607 1302 honorarunt,
646 1225 728 1286 erat
763 1213 951 1286 Tantalus
980 1213 1045 1286 hic
1053 1241 1064 1303 3
1113 1214 1182 1288 sed
1254 1230 1257 1237 '

160 1357 407 1429 concoquere
432 1332 649 1431 (moderate
670 1329 791 1426 ferre)
811 1357 996 1431 magnam
1019 1333 1183 1409 felicita·

131 1472 238 1530 ‚tem
262 1480 347 1529 non
376 1458 526 1554 potuit,
568 1453 854 1549 insolentiaque
885 1452 960 1525 sibi
988 1456 1181 1530 contraxit

158 1602 328 1679 poenam
358 1577 581 1675 ingentem,
622 1599 699 1670 qua
729 1571 840 1673 pater
865 1574 950 1647 eius
986 1574 1179 1669 (Iupiter)

159 1710 329 1800 'superne
351 1693 545 1796 appendit
578 1694 849 1796 ponderosum
882 1694 959 1792 ipsi
992 1692 1178 1790 lapidem,

160 1847 277 1919 quem
295 1842 450 1918 semper
468 1817 634 1890 nitense
655 1816 781 1915 capite
796 1815 972 1910 amoliri,
997 1815 1180 1889 alaetitia

158 1943 275 2041 longe
289 1941 395 2013 abest
411 1942 622 2035 (perpetuo
638 1953 750 2011 metu
765 1937 952 2036 angitur).
997 1921 1048 1992 -’
1099 1943 1177 2013 To·
1191 1964 1245 2019 aa.
1258 1977 1287 2031 5·

159 2064 252 2138 leret
265 2087 361 2161 vero
377 2080 652 2132 aerumnosam
663 2058 762 2132 hanc
776 2059 907 2148 vitam,
939 2058 1177 2146 continuum
1222 2047 1268 2108 9⁵·

160 2185 269 2275 hunc,
285 2190 472 2282 quartum
493 2193 582 2276 post
600 2179 762 2259 tertium
778 2180 974 2269 laborem,
1009 2185 1177 2258 Immor-

131 2296 295 2401 taili'um
316 2300 506 2399 quoniam
533 2296 642 2375 furto
668 2299 839 2376 ablatum
865 2317 998 2377 nectar
1021 2302 1177 2376 ambro·
1275 2298 1278 2305 ’

131 2427 350 2521 triamque,
383 2419 526 2518 quibus
557 2422 821 2498 immortalem
860 2448 953 2498 eum
990 2421 1174 2515 fecerant,

131 2536 381 2643 inequalibus
411 2543 594 2640 conuiuis
626 2541 794 2618 dederat.
864 2543 906 2619 Si
942 2543 1031 2641 quis
1066 2545 1174 2618 enim
1205 2532 1209 2539 ¹

131 2648 253 2771 {clam
276 2651 351 2738 deo
374 2660 500 2736 facere
519 2664 668 2761 aliquid
689 2690 809 2765 posse·
827 2682 973 2765 sperat,
1009 2664 1170 2741 fallitur.

131 2776 248 2862 *Ideo
269 2785 506 2859 remiserunt
525 2786 563 2857 ei
588 2765 716 2858 filium
735 2785 979 2863 immortales
1004 2785 1054 2859 ad
1077 2784 1174 2860 cito·

131 2914 133 2919 '
166 2911 387 2983 morituram
410 2928 547 2978 rursus
572 2904 784 2985 hominum
809 2916 992 3007 gentem.'
1030 2908 1077 2983 In
1100 2905 1173 2980 flo-

131 3029 236 3127 grida
257 3044 391 3102 autem
422 3041 542 3100 aetate
573 3051 699 3123 quum
727 3031 872 3129 lanugo
899 3030 1060 3128 nigrum
1086 3029 1172 3103 eius
1279 3020 1281 3025 ’

131 3140 334 3245 :intentum
361 3145 607 3235 obduxisset,
645 3153 897 3254 propositum
923 3146 1171 3248 (certamine)

131 3248 386 3371 deolliugiulss
412 3265 584 3354 studuit,
638 3312 684 3324 -
745 3275 937 3348 illustrem
968 3270 1170 3369 Hippoda·
1184 3299 1278 3366 ΛΜ,
1352 3281 1355 3287 ’

131 3374 294 3499 finiam,
318 3419 340 3466 a
362 3407 471 3491 patre
495 3391 618 3464 Pisata
644 3388 831 3468 obtinere.
884 3399 1012 3490 Prope
1036 3408 1169 3467 autem
1201 3387 1260 3425 ¹¹²·

134 3496 336 3605 l'accedens
360 3511 410 3585 ad
430 3535 698 3587 canummare
714 3517 820 3588 solus
833 3515 877 3587 in
898 3514 1082 3601 tenebris,
1108 3513 1170 3585 in·
1284 3510 1288 3518 '

131 3606 334 3711 lclamauit
354 3633 645 3732 grauistrepum
668 3616 1065 3735 tridente-insignem
1088 3638 1170 3711 Ne·

131 3746 321 3859 ¹ptumum
331 3781 342 3843 ;
365 3754 478 3851 isque
491 3756 567 3853 ipsi
583 3770 671 3830 ante
688 3757 808 3855 pledes
825 3780 956 3830 coram
973 3754 1165 3854 apparuit.

147 3878 256 3953 Tum
277 3875 337 3947 illi
357 3873 472 3950 dixit:
499 3876 688 3951 Amabilia
708 3876 812 3952 dona
826 3875 999 3964 Veneris,
1027 3901 1109 3975 age,
1135 3895 1168 3967 si

149 3993 260 4094 quid,
281 3999 484 4095 Neptune,
510 3997 654 4096 gratiae
668 3982 774 4098 apud
792 4014 830 4071 te
847 3997 1011 4085 habent,
1029 3996 1168 4071 cohibe

145 4116 296 4195 hastam
321 4120 707 4206 Oenomaiaereatn,
740 4143 884 4215 meque
912 4119 956 4191 in
973 4118 1169 4191 velocissi-

147 4243 223 4316 mis
247 4237 381 4314 deduc
410 4218 596 4315 curribus
614 4239 663 4315 ad
683 4239 858 4331 Elidem,
903 4237 1168 4332 victoriaeque

1106 4355 1168 4432 fac
