3092 5142
534 505 536 513 ’
554 508 716 590 Carmen
744 508 815 592 IV.
1107 514 1160 580 ἰο
1167 528 1185 603 5
1207 631 1209 634 Ι

173 724 348 810 questus.
400 701 564 782 Daedali
581 718 714 777 autem
731 697 861 800 gladio
876 697 1118 773 machinatus
1133 713 1192 773 est

175 835 211 908 ei
226 847 405 916 *mortem
422 850 495 928 per
518 822 677 898 insidias
702 823 831 900 Peliae
854 818 957 896 filius
978 821 1191 917 (Acastus):
1303 923 1305 925 ‚

175 955 329 1056 depulit
347 968 496 1035 tamen,
519 962 557 1019 et
574 971 596 1018 a
611 949 706 1022 Ioue
719 946 983 1029 ‘constitutum
999 939 1126 1016 fatum
1142 939 1193 1014 ad

147 1088 368 1150 ‘euentum
392 1067 597 1170 perduxit,
624 1067 782 1142 Chiron.
850 1069 984 1164 Ignem
1005 1086 1101 1140 vero
1124 1062 1212 1149 ille

178 1194 328 1269 omnia·
328 1193 565 1279 vincentem,
575 1189 847 1289 ferociumque
862 1185 1024 1261 leonum
1040 1208 1192 1286 vngues
1263 1217 1266 1222 ¹

179 1316 432 1420 acutissimos,
450 1313 652 1410 aciemque
664 1310 955 1390 horrendorum
970 1334 1062 1384 cum
1079 1309 1193 1383 susti·

180 1436 328 1510 ruisset
342 1434 542 1524 dentium,
593 1477 641 1494 -
700 1428 829 1509 duxit
835 1457 998 1505 vxorem
1017 1432 1192 1506 altithro·
1176 1426 1301 1564 -Εζᾶὅῦ
1359 1510 1363 1518 ,

180 1581 321 1665 narum
352 1583 481 1635 vnam
498 1553 735 1642 Nereidum3
779 1551 957 1650 viditque
982 1549 1193 1627 rotundam
1288 1631 1300 1646 N
1388 1604 1391 1614 .

182 1677 335 1765 sedem,
362 1678 428 1751 cui
446 1679 543 1752 coeli
559 1701 667 1778 reges
683 1676 881 1771 marisque
897 1671 1109 1757 insidentes
1124 1671 1194 1744 do·

181 1822 230 1870 na
260 1823 437 1898 opesque
467 1800 731 1874 exhibuerunt
756 1795 805 1870 ad
824 1796 1091 1902 posteritatem
1117 1793 1242 1893 ipsi

182 1918 435 2017 (duraturas).
487 1921 593 1995 Vltra
611 1917 745 2007 Gades,
757 1915 937 1995 occasum
951 1942 1087 1992 versus
1103 1941 1196 2015 pro·

166 2040 268 2114 ‘cedi
286 2041 435 2139 nequit.
490 2033 685 2113 Con'uert'e
696 2064 833 2114 rursus
845 2043 1046 2140 Europam
1061 2037 1109 2111 ad
1118 2054 1195 2111 ter·
1292 2077 1294 2090 ·

182 2188 266 2241 ram
288 2177 526 2238 armamenta
541 2162 672 2236 nauis:
712 2158 871 2237 difficile
896 2163 1004 2237 enim
1021 2163 1122 2238 mihi
1138 2175 1197 2306 est
1304 2143 1306 2148 ¹

181 2281 316 2356 laudes
346 2281 601 2358 Aeacidarum
634 2306 770 2357 omnes
801 2286 1041 2383 percurrere
1095 2325 1194 2340 --
1288 2365 1290 2367 ,
1372 2379 1375 2389 Ι

183 2403 444 2478 Theandridis
463 2418 596 2487 autem
619 2405 819 2478 membra·
825 2396 1099 2482 roborantium
1115 2431 1196 2480 cer·

136 2523 139 2528 ’
183 2527 379 2606 taminum
407 2527 636 2624 Olympiae,
673 2527 716 2599 in
740 2525 909 2616 Isthmi),
942 2532 1196 2623 Nemeaeque
1287 2624 1290 2630 .
1380 2605 1385 2615 ,

183 2670 324 2746 praeco
341 2662 521 2744 promtus
537 2646 673 2722 venire
690 2628 955 2748 susceperam
988 2631 1056 2723 rbi
1075 2649 1199 2747 (labo·
1255 2666 1258 2672 ·

182 2768 288 2862 rem)
311 2756 461 2867 experti
478 2767 645 2843 domum
667 2760 1200 2867 inclitos-fructus·ferenti·
1301 2812 1304 2818 ·
1364 2801 1367 2807 ¹

183 2887 259 2961 bus
278 2893 361 2961 non
375 2886 578 2961 redieruut
596 2889 679 2962 sine
694 2894 863 2967 coronis.
904 2893 1075 2967 Tribum
1092 2893 1199 2966 illam
1290 2906 1299 2923 '

187 3007 391 3099 audimus,
414 3011 679 3114 Timasarche,
711 3026 821 3086 tu'am
838 3015 1101 3103 victorialium
1119 3042 1200 3090 car-

185 3134 344 3205 minum
359 3131 571 3205 antistitem
587 3157 677 3208 esse.
731 3133 772 3210 Si
782 3160 878 3209 vero
893 3161 983 3211 sane
999 3141 1199 3247 auunculo

188 3255 304 3327 etiam
320 3253 466 3327 Callicli
483 3251 674 3327 iubesme
712 3271 760 3311 -'
813 3258 1037 3334 columnam
1053 3288 1200 3360 ponere
1214 3249 1298 3387 ‘⁴⁶3
1272 3251 1327 3318 4

187 3374 303 3449 Pario
333 3398 528 3448 marmore
559 3373 846 3451 candidiorem:
889 3405 1032 3477 aurum
1058 3385 1201 3480 (enim)

189 3510 393 3608 excoctum
410 3492 565 3594 fulgore
578 3492 754 3598 splendet
771 3522 941 3606 summo,
949 3501 1202 3611 hymnusque
1284 3512 1286 3515 ’

188 3619 385 3716 praeclare
403 3633 599 3718 gestarum
617 3642 752 3701 terum
769 3620 927 3718 regibus
943 3640 1064 3697 sorte
1049 3649 1203 3731 aequa·

188 3739 267 3814 lem
290 3736 380 3815 facit
401 3741 554 3815 virum:
594 3740 660 3816 ille
683 3740 783 3814 circa
811 3722 1071 3817 Acherontem
1095 3747 1204 3822 habi·
1308 3828 1310 3831 ,

189 3877 275 3934 tans
292 3887 418 3936 meam
435 3863 613 3964 linguam
631 3860 771 3936 habeto
787 3865 982 3954 vocalem,
995 3864 1111 3963 (ibt)
1135 3869 1205 3942 tri·
1297 3952 1301 3958 ,

191 3981 374 4058 dentem·
358 3985 594 4081 ·quatientis
607 3983 703 4057 vbi
691 4008 734 4055 ιιι
749 3987 959 4060 certamine
973 4013 1018 4086 gr
1019 3993 1215 4092 aurstrepr

192 4087 412 4204 (Neptuni)
394 4104 563 4200 llloruit
581 4103 945 4205 Corinthiacoapio.
973 4151 1022 4164 -
1075 4118 1204 4215 Quem
1218 4136 1322 4210 Ep

188 4228 403 4330 Euphaues
430 4227 570 4304 lubens
598 4250 716 4303 senex
743 4223 844 4304 auus
862 4243 958 4326 tuus
987 4233 1204 4321 cecinit,o
1238 4141 1311 4311 ’444

555 4368 561 4374 ’
978 4356 1203 4432 quenis
1271 4365 1277 4373 “
