3092 5142
358 521 410 595 28
705 530 716 572 s
772 500 965 606 Olympia.
1044 613 1046 615 ι

365 699 1365 733 mm

349 1010 353 1013 ·
709 905 931 980 onrnr.
965 911 1028 983 1x.
1058 1010 1061 1015 Δ

221 1135 224 1142 -
428 1056 929 1181 ernianosro
971 1093 1309 1191 orvnrro.

638 1290 643 1323 :
750 1247 988 1312 Luctatori.

249 1434 341 1491 rem.
355 1399 615 1545 Archilochi
628 1429 792 1525 quidem
814 1433 989 1532 hymnus
1012 1459 1199 1527 canorus,
1227 1440 1375 1513 Callini·
1414 1458 1417 1552 ss

336 1574 426 1625 cus
449 1550 612 1648 triplex,
649 1549 876 1628 decantatus
905 1553 1057 1628 suffecit
1084 1555 1295 1659 Olympiae
1319 1566 1374 1638 Sa-
1414 1568 1417 1583 '

240 1681 243 1687 ’
354 1660 547 1747 turniumv
567 1671 674 1771 apud
709 1674 871 1764 collem,
917 1673 967 1748 ad
998 1677 1274 1775 praeeundum
1307 1684 1373 1757 sol·
1414 1661 1417 1704 ³

354 1794 507 1868 lemni·
522 1817 668 1892 pompa
685 1836 701 1852 ·
714 1776 913 1869 incedenti
949 1799 1211 1898 Epharmosto
1246 1805 1372 1877 amicis
1413 1780 1417 1826 ³

356 1941 446 1991 cum
464 1916 587 1990 sociis.
615 1920 763 1990 Verum
780 1941 889 1990 nunc
901 1907 1112 2017 (quoque),
1126 1919 1371 2023 longe-iacu-
1413 1903 1417 1948 ¹

246 2039 250 2048 ’
307 2037 310 2044 ’
354 2039 521 2113 lentium
530 2041 739 2113 Musarum
756 2036 803 2109 ab
820 2022 1041 2124 arcu‚'hisce
1059 2042 1207 2140 sagittis
1222 2050 1371 2121 Iouem·

289 2226 292 2232 .
354 2186 434 2260 que
454 2154 1064 2250 rutila-fulmina-iaculautem,
1090 2167 1372 2241 venerandum·

300 2365 302 2369 ,
353 2307 432 2380 que
453 2295 543 2380 pete
560 2281 884 2378 promontorium
901 2280 1037 2369 Elidis,
1064 2283 1174 2380 quod
1192 2288 1291 2361 olim
1303 2295 1373 2388 Ly·

224 2449 226 2456 ·
302 2390 304 2397 Α
355 2404 430 2479 dus
458 2393 573 2477 heros
595 2387 734 2499 Pelops
754 2400 914 2499 accepit,
938 2400 1217 2498 pulcerrimam
1243 2409 1372 2484 dotem
1415 2393 1417 2491 s

225 2529 340 2599 Anam.
355 2523 652 2635 Hippodamiae.
673 2537 736 2576 '—
788 2521 1087 2598 Alatamautem
1106 2517 1221 2602 mitte
1238 2531 1374 2603 iucun·
1415 2514 1417 2556 ss

354 2649 445 2739 dam
467 2633 510 2719 in
526 2644 750 2743 Pythonem
771 2646 958 2743 sagittam.
995 2636 1275 2744 Nequaquam
1299 2651 1374 2724 ina·

323 2795 422 2846 nes
444 2765 578 2844 laudes
605 2765 770 2864 attinges
798 2764 877 2837 viri
902 2772 1033 2864 super·
1047 2766 1163 2841 luctis
1190 2769 1373 2844 citharam

258 2945 261 2953 .
353 2914 522 2966 mouens
553 2889 653 2961 clara
685 2911 733 2958 ex
765 2890 947 2985 Opunte,
991 2887 1153 2963 laudans
1181 2889 1306 2987 ipsam
1341 2908 1373 2966 et

353 3012 484 3089 filium
515 3007 710 3109 (ciuem),
757 3030 878 3103 quam
907 3007 1069 3082 Themis
1103 3009 1261 3108 filiaque
1294 3016 1374 3090 eius

252 3220 253 3223 Ἴ
353 3133 554 3211 Seruatrix
597 3142 705 3203 tenet
748 3127 918 3227 gloriosa
964 3131 1170 3206 Eunomia.
1251 3138 1375 3215 Floret

354 3245 494 3331 autem⁸
515 3249 787 3351 (certantium)
810 3249 1043 3338 virtutibus,
1074 3254 1258 3329 Castaliae
1276 3261 1376 3355 pari·

241 3420 246 3428 ·
352 3390 413 3449 ter
437 3390 554 3472 atque
575 3370 623 3444 ad
644 3371 785 3471 Alphei
807 3368 976 3458 flumem
1001 3370 1105 3445 vnde
1127 3398 1294 3454 coronae
1320 3383 1375 3454 in·
1414 3428 1415 3480 t

253 3491 258 3499 ’
353 3495 485 3568 clitam
521 3498 742 3568 Locrorum
784 3493 978 3567 extollunt
1021 3480 1188 3571 matrem
1225 3504 1375 3599 pulcra·
1414 3500 1415 3504 ’

223 3630 278 3705 Ep.
294 3643 338 3697 53.
353 3641 446 3690 rum
471 3614 659 3687 arborum
684 3611 866 3688 feracem.
916 3657 975 3677 ·-
1034 3621 1118 3715 Ego
1152 3633 1285 3692 autem
1321 3648 1375 3696 ca·

353 3737 597 3835 ramyvrbem
626 3737 738 3810 claris
762 3737 961 3835 illustrans
986 3736 1236 3829 carminibus,
1264 3757 1304 3814 et
1323 3740 1376 3816 fe·

351 3862 435 3936 roci
455 3883 559 3956 equo
583 3858 699 3931 citius
725 3874 764 3933 et
790 3878 892 3932 naue
922 3858 1018 3932 alata
1045 3881 1374 3956 quoquouersum

350 3983 544 4056 nuntium
576 3981 731 4053 mittam
757 3979 888 4054 hunc:
922 3979 1098 4053 simodo
1121 3978 1259 4052 diuina
1285 4007 1378 4079 qua-

350 4102 444 4177 dam
471 4126 548 4200 ope
577 4086 735 4175 adiutus
763 4102 955 4175 eximium
979 4104 1201 4174 Gratiarum
1225 4107 1379 4200 (Musa.

220 4270 225 4282 ,
353 4225 465 4319 rum)
495 4223 583 4298 colo
615 4223 789 4298 hortum.
851 4223 943 4298 Illae
971 4223 1094 4330 enim(
1108 4225 1295 4323 praebere
1320 4254 1379 4303 so·

1300 4350 1380 4425 lent
