3092 5142
256 565 335 638 390
663 610 666 615 .
688 536 837 617 Scholia

253 727 357 811 μάζα.
392 725 529 811 Ὅμηρος
541 725 573 789 δὲ
586 724 637 789 καλ
649 727 676 789 οῖ
688 728 785 790 λοιπολ
795 724 851 792 ’τόν
865 727 920 807 τής
929 726 1050 809 μητρός
1063 725 1200 810 α’δελφδν
1211 730 1254 815 ρή-

253 853 336 912 τρυα
349 830 484 894 καλοῦσι.
527 829 604 911 φησῖ
625 829 697 904 γοῦν
715 832 749 892 έν
760 830 803 913 τή
816 830 931 894 Ἰλιάδι·
955 835 1007 908 (π,
1019 852 1085 908 717
1103 837 1166 915 sq.)

328 992 332 1007 ,
389 932 494 1006 Ἀσία,
514 927 548 999 ός
566 929 686 1011 μήτρας
702 922 743 1015 ήν
756 928 904 1015 Ἕκτορος
923 932 1125 1009 ἱπποδάμοιο,

389 1032 653 1116 Αύτοκασίγνητος
671 1033 824 1117 Ἑκάβης,
846 1035 909 1105 ύιός
930 1036 964 1099 δὲ
988 1033 1167 1111 Δύμαντος.

249 1131 389 1208 Ἄλλους.
412 1138 539 1220 μάτραα
556 1137 702 1201 ἐκάλεσεν
718 1136 736 1200 ό
749 1135 865 1219 Λοκρός
879 1135 933 1200 τόν
947 1136 1127 1204 Ὀποῦντα.
1167 1130 1259 1221 ήνόλό

234 1303 244 1317 ,
258 1239 376 1324 Λοκρός
388 1238 624 1323 Ἀμφικτύονος,
636 1239 691 1304 τσῦ
703 1239 784 1309 Διός·
809 1240 859 1303 καί
872 1240 1003 1305 ίκάλεσε
1018 1240 1079 1306 τοῦ
1091 1242 1272 1325 μητροπάτο-

257 1366 308 1426 ρος
321 1342 357 1408 τό
371 1338 475 1422 όνομα.
507 1341 620 1413 Ὀποῦς
628 1340 687 1425 γάρ
698 1345 839 1409 έκαλεῖτο
855 1343 871 1408 ό
884 1344 1040 1423 βασιλεύς
1062 1335 1127 1411 τῦν
1141 1344 1262 1437 Ἠλείαν,

260 1434 454 1531 ήδμάνυμος
474 1434 570 1516 νότος.
614 1447 650 1508 V.

304 1556 353 1626 98.
375 1546 636 1632 Ὕτέρφατον]
656 1549 803 1631 ύπερφυῦ
820 1548 870 1612 καί
885 1554 987 1628 μέγαν
1003 1552 1060 1615 καὶ
1078 1552 1266 1639 eanmund

259 1658 328 1721 τοῖς
340 1652 521 1736 πράγμασιν.
545 1654 580 1718 V.
629 1650 882 1736 ύπσρθαύμαστον
904 1655 1152 1735 61.Μεε.β.γ.

305 1775 356 1835 99.
380 1754 502 1818 Πόλιν
523 1755 550 1818 δ’
567 1749 737 1836 άπασεν]
765 1747 830 1820 όντι
844 1756 877 1818 δὲ
894 1757 938 1842 τοῦ
959 1760 1051 1823 παιδὶ
1069 1761 1215 1847 ἐξαιρέτῳ
1231 1764 1268 1827 κοί

261 1857 448 1943 άνδρυθέντι
467 1859 483 1923 ό
498 1856 617 1940 Λοκρός
634 1856 690 1938 τήν
705 1855 794 1921 πόλιν
816 1860 1004 1945 ἐνεχείρισε,
1042 1865 1098 1928 καί
1118 1864 1175 1931 τόν
1187 1859 1269 1944 όχλον

261 1963 378 2047 διαιτηῗν
394 1963 443 2026 καὶ
458 1962 588 2024 διοικεῖν.
630 1961 665 2021 V.

309 2088 378 2129 τοι.
399 2065 624 2146 Ἀφίκοντο]
645 2063 694 2125 GL
710 2065 825 2142 α.β.γ.
844 2056 956 2146 ήλθον.
1000 2068 1140 2152 Ξένοι]
1164 2073 1272 2139 (ἳλΜε

263 2192 294 2235 ιι.
311 2170 409 2248 φίλοι.
1184 2231 1189 2243 ,

305 2267 517 2348 Ἀφίιιοντο
538 2265 577 2327 δὲ
597 2266 631 2327 οί
649 2261 765 2348 ξένοι]
792 2269 953 2355 διαβοήτου
967 2273 1276 2359 δδτήςποῦὈποῦι-

262 2394 315 2442 τος
329 2369 440 2454 άρετής
452 2365 661 2449 τυγχανούσης
674 2370 875 2450 πανταχόθεν
887 2372 945 2443 τοῖς
959 2378 1045 2450 ἰδίας
1059 2381 1277 2467 αύτιῦνπατρί-

265 2476 321 2545 δας
340 2477 367 2538 οί
385 2475 525 2556 περίοικοι
539 2473 791 2544 καταλελοιπότος
804 2476 879 2559 πρός
893 2478 987 2544 αύτδν
1000 2479 1173 2553 ἔσπευδον.
1197 2502 1277 2572 παρε-
1311 2498 1312 2503 ’

265 2583 388 2654 γίνοντο
408 2578 464 2655 μὲν
490 2567 544 2642 οῦν
570 2580 701 2654 μέτοικοι
721 2575 796 2658 πρός
820 2577 921 2654 αὐτόν,
945 2581 1009 2645 άπό
1028 2608 1070 2649 πε
1087 2589 1147 2652 τοῦ
1160 2585 1278 2672 ΙἈργσυς

265 2681 316 2746 καλ
333 2681 464 2762 Θηθῦν,
484 2679 534 2742 καλ
553 2680 646 2757 οίμδυ
658 2680 694 2750 έξ
710 2678 883 2761 Ἀρκαδίας,
908 2686 935 2746 οῖ
950 2685 984 2747 δέ
996 2685 1155 2756 Πισάται.
1200 2696 1236 2760 V.

320 2784 488 2863 Ἀφίκοντο
502 2783 535 2845 δέ
548 2781 623 2863 πρός
638 2781 740 2857 αύτόν,
762 2778 855 2864 ή-γουν
868 2784 922 2850 τόν
940 2786 1118 2870 Ὀποῦντα,
1145 2793 1226 2866 ξένοι
1240 2798 1277 2860 καί

265 2889 302 2949 έκ
316 2887 369 2950 τοῦ
385 2883 516 2968 Ἀργονς
534 2885 583 2947 καί
601 2885 635 2948 ἐκ
651 2888 709 2950 τιύν
727 2888 851 2966 Θηβιῦν,
872 2889 922 2952 καί
936 2889 1114 2974 Ἀρκάδες,
1144 2901 1173 2962 οῖ
1194 2901 1224 2964 δὲ
1240 2903 1278 2964 καί

267 2989 329 3054 άπό
346 2990 399 3072 τής
417 2989 526 3071 Πίσης,
546 2984 638 3072 ήγουν
655 2989 781 3055 Ἠλεῖοι.
824 2990 885 3054 α’πό
897 2993 958 3056 τοῦν
971 2996 1111 3062 ἐποίκων
1127 3003 1173 3077 δὲ,
1189 3011 1278 3069 τουτέ-

267 3116 315 3158 στι
332 3093 393 3156 τῦν
411 3090 518 3169 Ξένιον,
539 3094 600 3157 τοῖν
613 3095 853 3177 κατοικησάντων
870 3095 903 3155 έν
921 3096 966 3181 τῷ
980 3101 1223 3193 βασιλευομένη)
1236 3109 1279 3171 δι’

267 3193 362 3261 αύτοῦ
375 3195 475 3278 τόπῳ,
497 3193 551 3260 τόν
569 3196 725 3258 Μενοίτιον
741 3197 880 3276 ἐτίμησεν
896 3195 1037 3279 έξόχαῖς,
1071 3207 1132 3270 τόν
1154 3212 1219 3274 ύιόν
1236 3210 1280 3277 τού

258 3297 408 3380 Ἀκτορος
426 3297 476 3360 καλ
492 3298 547 3379 τής
561 3301 704 3380 Αίγίνης,
727 3285 767 3361 ού
777 3322 873 3374 τινος,
892 3306 1033 3368 τουτέστι
1049 3313 1107 3373 τοῦ
1120 3316 1278 3391 Μενοιτίου,

265 3399 368 3476 όύιός,
391 3400 408 3462 ό
421 3400 598 3483 Πάτροκλος
619 3401 771 3483 δηλονότι,
790 3398 855 3478 άμα
868 3410 935 3474 τοῖς
949 3407 1132 3492 Ἀτρείδαις
1146 3419 1278 3484 έπελθύν

267 3510 309 3576 τίς
327 3506 383 3588 τήν
399 3506 456 3587 γήν
473 3506 527 3569 τοῦ
538 3503 750 3588 Τεύθραντος,
773 3503 864 3585 ήγουν
884 3510 927 3577 είς
939 3508 997 3591 τήν
1012 3513 1145 3580 Μυσίαν
1163 3517 1216 3602 (ήν
1235 3522 1279 3588 τοῦ

267 3609 462 3692 Τεύθραντος
478 3612 560 3683 λέγει
580 3607 630 3669 διά
647 3607 683 3672 τό
706 3603 796 3690 άρέαι
813 3608 905 3694 αύτής
919 3617 994 3678 τοτὲ
1012 3618 1071 3680 τόν
1085 3619 1275 3708 Τεύθραντα·

266 3715 337 3779 τότε
352 3714 384 3776 δὲ
396 3713 445 3774 ἐπ’
462 3710 542 3795 αύπή
561 3711 578 3775 ό
596 3711 742 3794 Τήλεφος
757 3715 937 3797 ἐβασίλευε)
959 3717 1055 3795 μόνος
1072 3723 1152 3810 ἔστη
1177 3729 1229 3791 σύν
1244 3730 1279 3814 σή

266 3815 426 3896 Ἀχιλλεῖ,
443 3809 495 3880 ότε
507 3814 525 3876 ό
535 3815 681 3898 Τήλεφος
694 3817 814 3896 τρέψας
826 3817 898 3888 τούς
913 3823 1054 3894 Δαναούς
1068 3829 1147 3899 τούς
1161 3832 1278 3912 άλαήςυ.

265 3943 340 3993 τας,
364 3916 455 4002 ήγουν
470 3918 540 3987 τούς
556 3919 709 4000 ίσχυρούς,
733 3919 803 3989 τούς
815 3925 980 3999 γενναίους,
1003 3928 1168 4004 ἐνέβαλεν
1181 3939 1223 4006 είς
1232 3935 1279 4006 τάς

265 4024 404 4104 πρύμνας
425 4020 482 4091 τοῖς
501 4020 688 4097 θαλασσίας,
713 4021 779 4086 άντὶ
801 4029 871 4102 τοῦ,
893 4030 936 4096 εἰς
950 4029 1010 4099 τάς
1033 4033 1112 4104 ναῦς
1127 4038 1188 4110 τοῖς
1200 4029 1278 4120 ίγςή

266 4124 408 4210 θαλάσση
424 4123 479 4205 τήν
492 4123 650 4207 διατριβήν
663 4132 852 4203 ποιουμένας·
873 4125 952 4194 ιύστε
968 4132 1071 4205 δεῖξαι
1087 4137 1185 4213 αύτός
1196 4142 1275 4208 δΠιί.

269 4232 395 4313 τροκλος
413 4229 456 4314 τοῦ
472 4232 610 4312 φρονίμῳ
628 4226 745 4307 μαθεῖν
762 4228 816 4292 τόν
835 4233 905 4295 νοῦν
924 4233 978 4297 τοῦ
992 4234 1201 4326 Πατρόκλου,
1219 4244 1276 4309 α’νσλ

1223 4349 1274 4429 τοῦ,
