3092 5142
496 599 502 609 ,
610 486 773 587 'Carmen
809 508 876 586 Ill.
1094 539 1097 547 ·
1137 465 1159 485 ⁸⁴
1205 495 1253 609 5¹5

233 697 395 776 doceret
436 725 526 801 eum
567 702 837 774 multinoeuos
877 691 1089 775 hominum
1121 726 1255 778 sanare
1360 788 1363 801 Ι
1403 676 1410 686 ’

232 823 405 895 morbos.
459 822 506 878 -'-
558 810 641 895 Hos
660 823 793 920 igitur,
819 836 1016 918 quotquot
1038 848 1130 918 eum
1149 807 1353 953 adm-⁸335·
1384 904 1386 907 ,
1421 886 1425 893 «

212 949 348 1030 runt,
368 957 439 1016 aut
460 944 753 1041 sponte-enatis
779 939 973 1029 vlceribus
998 941 1161 1033 adflicti,
1183 959 1252 1020 'aut
1325 926 1333 940 ⁸

233 1091 330 1158 cano
347 1090 436 1159 aere
453 1089 596 1137 saxoue
615 1063 770 1135 eminus
792 1063 893 1136 iacto
917 1063 1092 1138 membra
1111 1067 1250 1140 vulne.

232 1188 319 1278 rati,
345 1201 414 1258 aut
432 1186 580 1259 aestiuo
599 1185 684 1282 igni
701 1183 900 1282 frigoreue
915 1183 1082 1257 hiberno
1103 1209 1247 1284 corpus

230 1307 325 1380 laesi
351 1299 520 1380 liberans
539 1307 662 1379 alium
684 1304 731 1377 ab
753 1304 841 1409 aliis
863 1304 1066 1395 doloribus
1092 1305 1226 1381 eduxit
1233 1336 1245 1396 ς

228 1430 326 1502 alios
349 1427 511 1526 quidem
531 1428 717 1500 mollibus
737 1426 1067 1500 incantationibus
1093 1451 1243 1516 curans,

229 1550 325 1623 alios
350 1573 447 1621 vero
472 1547 708 1633 lenientibus
739 1549 989 1645 potionibus,
1029 1546 1094 1621 vel
1118 1574 1244 1621 mem·
1292 1618 1294 1621 ,
1352 1587 1355 1594 ·

225 1671 305 1744 bris
352 1649 696 1767 circumnectendo
742 1660 920 1765 undique
973 1666 1241 1760 medicamina,
1349 1651 1357 1705 J

225 1790 465 1889 (amuleta,')
491 1793 586 1864 alios
612 1787 784 1886 denique
809 1789 1046 1863 sectionibus
1069 1791 1247 1865 restituit·

224 1938 347 1987 sanos.
401 1957 448 1969 -
484 1910 647 1986 'Verum
669 1913 782 1985 lucro
801 1910 918 1983 etiam
942 1911 1129 2007 sapientia
1142 1912 1317 2017 irre-'stne-
1337 1933 1363 1985 3·

223 2035 289 2105 tiri
311 2031 418 2107 solet.
470 2033 666 2106 Peruertit
685 2049 723 2106 et
740 2031 854 2105 illum
874 2031 1003 2128 ampla
1026 2033 1115 2108 auri
1135 2058 1237 2108 mer·
1285 1989 1330 2061 ⁹6⁹

222 2178 305 2240 ces,
342 2154 385 2224 in
410 2153 592 2227 manibus
623 2149 798 2250 fulgens,
832 2166 875 2224 vt
900 2155 1035 2226 virum
1060 2180 1082 2227 e
1107 2154 1236 2230 morte

221 2272 434 2347 reduceret
448 2274 526 2346 iam
547 2273 773 2346 damnatum
794 2274 953 2368 (morti).
1007 2275 1084 2350 Sed
1109 2277 1236 2350 mani·

220 2395 293 2470 bus
311 2398 517 2471 Saturnius
533 2395 727 2468 traiiciens
744 2398 920 2493 Vtrisque
937 2396 1235 2497 respirationem
1303 2419 1314 2475 ’,
1388 2400 1391 2406 ’
1412 2449 1414 2452 .

222 2533 428 2617 pectorum
458 2514 622 2588 abstulit
661 2517 856 2606 celeriter,
899 2514 1117 2612 ardensque
1155 2517 1234 2591 ful·
1269 2604 1271 2609 ,

221 2644 311 2714 men
329 2636 476 2711 inflixit
494 2651 674 2710 mortem.
729 2643 893 2741 Oportet
918 2665 941 2712 a
962 2637 1038 2710 diis
1060 2634 1233 2736 flagitare
1303 2675 1305 2682 ¹

223 2787 279 2850 ea,
306 2784 407 2857 quae
424 2760 669 2833 conueniunt
691 2762 922 2834 mortalibus
943 2760 1152 2847 mentibus,
1172 2785 1233 2833 re·
1307 2795 1310 2807 ·

222 2880 410 2982 putando,
432 2879 475 2953 id
496 2880 604 2978 quod
621 2884 663 2954 in
683 2897 845 2979 promtu
862 2897 936 2968 est,
958 2879 1091 2978 ‘qualis
1108 2881 1231 2953 simus
1254 2913 1256 2917 ¹

220 3002 391 3078 naturae.
444 3046 493 3058 -
544 3007 628 3090 Ne,
653 2993 782 3076 anime
800 3004 868 3089 mi,
892 3004 1015 3075 vitam
1031 2983 1231 3074 immorta-
1243 3020 1296 3091 Ep.
1310 3009 1337 3086 εἰ
1414 3039 1418 3045 ’

220 3127 298 3200 lem
317 3127 461 3199 affecta.
513 3123 589 3201 Sed
611 3149 729 3221 quam
743 3123 936 3222 ‘perficere
951 3124 1076 3221 possis
1098 3147 1232 3196 exerce
1257 3108 1324 3216 '²⁰⁹'

218 3266 391 3348 operam.
445 3248 485 3323 Si
507 3272 602 3320 vero
625 3244 800 3342 prudeus
820 3250 978 3317 antrum
1000 3244 1233 3326 inhabitaret

217 3351 349 3443 adhuc
369 3368 529 3455 Chiron,
558 3382 609 3439 et*
624 3346 786 3469 ahquod
810 3367 846 3437 ei
867 3364 1168 3440 delinimentum
1188 3365 1231 3436 in

216 3480 397 3598 animum
416 3487 633 3583 dulciloqui
648 3485 790 3585 hymni
804 3475 929 3558 nostri
944 3487 1129 3560 instillare
1142 3511 1232 3584 pos·

216 3628 322 3700 senta
346 3612 482 3706 vtique
500 3608 575 3706 ipsi
591 3605 879 3705 persuaderem,
902 3622 941 3680 vt
958 3624 996 3680 et
1013 3633 1121 3680 nunc
1138 3625 1232 3680 stre·
1292 3672 1299 3694 ,

215 3734 439 3827 nuissviris
471 3727 670 3806 medicum
702 3729 904 3825 praeberet
940 3727 1142 3802 acutarum
1174 3729 1231 3802 fe.

214 3855 352 3929 brium
370 3868 437 3926 aut
455 3853 629 3946 aliquem
639 3849 823 3935 Latoidae
839 3849 1060 3948 (Apollinis)
1077 3865 1145 3922 aut
1164 3863 1231 3948 pa·
1250 3883 1253 3888 v

216 3977 286 4050 tris
309 3973 446 4067 (louis)
468 3969 595 4045 filium
615 3969 860 4067 aduocatum
872 3977 930 4063 (vt
948 3996 1064 4069 opem
1082 3968 1243 4062 ferret)..
1286 3951 1290 3957 ⁴

216 4101 346 4192 Atque
370 4110 457 4167 tum
481 4094 650 4178 nauibus
674 4089 958 4190 proficiscerer,
993 4093 1151 4165 lonium
1174 4117 1231 4165 se·
1306 4160 1308 4165 ,

217 4244 307 4294 cans
324 4242 446 4310 mare,
461 4217 693 4293 Arethusam
709 4210 939 4302 ad'fontem,
955 4210 1006 4314 ad
1015 4214 1232 4291 Aetnaeum
1300 4292 1302 4295 ,

256 4315 258 4318 ’
1020 4333 1227 4434 hospitem.
