3092 5142
297 539 374 613 124
657 629 662 641 Ι
731 510 886 588 Nemea.

290 702 396 805 apud
405 717 570 777 matrem
579 680 804 794 (Iunonem)
814 701 960 780 incedit
972 690 1210 801 pulce'rrima
1221 701 1305 777 dea·

186 856 275 912 sm,
290 851 392 901 rum.
450 866 493 878 ·-
547 828 708 896 Arctum
733 823 835 897 mihi
860 848 903 897 os
930 839 987 897 est
1013 823 1062 898 ad
1088 825 1224 897 omnia
1249 851 1305 898 re·

181 986 183 993 v
206 941 250 996 ³⁶
291 943 499 1032 censenda,
526 959 782 1042 quotcunque
800 946 943 1046 Argiua
968 961 1071 1020 terra
1093 948 1230 1020 sortita
1251 963 1305 1020 est

290 1071 438 1146 decora.
501 1071 568 1139 Est
597 1089 693 1137 vero
722 1064 862 1153 etiam,
897 1063 1054 1145 fastidio
1092 1065 1308 1140 hominum

291 1167 515 1274 occurrere,
551 1183 721 1259 difficile.
764 1168 859 1262 'sed
892 1203 1023 1262 tamen
1049 1187 1203 1278 (anime
1228 1187 1305 1277 mi)

232 1319 234 1323 ’
280 1311 797 1388 ‘chordis-bene·s0noram
812 1309 933 1382 excita
955 1309 1093 1407 lyram,
1122 1325 1161 1382 et
1186 1310 1306 1383 lucta-

290 1462 381 1510 rum
398 1434 551 1530 suscipe
567 1453 712 1502 curam.
765 1432 971 1503 Certamen
986 1429 1124 1526 vtique
1138 1451 1306 1505 aeneum

226 1581 233 1587 ”
290 1559 429 1634 excitat
459 1546 653 1656 populum
679 1547 727 1622 ad
752 1549 981 1625 sacrificium
1006 1553 1171 1637 lunonis
1196 1577 1306 1650 prae·

289 1680 543 1771 miorumque
570 1669 785 1760 iudicium,
819 1673 934 1749 Vliae
952 1671 1057 1748 filius
1081 1674 1149 1746 vbi
1176 1674 1305 1749 victor

288 1801 366 1887 bis,
395 1797 589 1883 Thiaeus‚'
606 1792 782 1867 facilium
807 1795 911 1894 cepit
934 1795 1178 1869 obliuionem
1200 1795 1305 1870 labo-

161 1910 228 1980 Aac·
248 1926 274 1966 ⁹·
289 1945 391 1995 rum.
444 1960 492 1974 -
546 1916 729 1990 Obtinuit
750 1939 847 1989 vero
864 1915 980 1989 etiam
1002 1916 1044 1990 in
1065 1920 1312 1992 Graecorum-

196 1979 240 2054 4⁶·

290 2056 492 2117 conuentu
516 2037 703 2155 Delphis!
736 2035 917 2132 bonaque
940 2035 1099 2111 fortuna
1123 2063 1218 2112 cum
1242 2037 1307 2112 ad·

217 2162 219 2167 ’
289 2164 479 2249 venisset,
514 2175 551 2233 et
584 2161 627 2233 in
654 2150 803 2233 Isthmo
833 2172 872 2229 et
893 2161 1074 2239 Nemeae
1101 2183 1302 2248 coronam,

287 2281 496 2381 Musisque
507 2282 718 2380 ¹negotium
735 2278 916 2377 praebuit
932 2279 1135 2374 (carmine)
1149 2281 1303 2370 arandi;

288 2423 348 2482 ter
374 2406 534 2506 quidem
569 2404 610 2475 in
642 2403 761 2476 maris
791 2402 916 2501 portis
943 2399 1142 2498 (Isthmo)
1164 2403 1304 2491 victor,

177 2513 182 2532 ¹
250 2596 261 2610 s
288 2543 350 2603 ter
373 2553 470 2602 vero
486 2525 612 2600 *etiam
640 2522 755 2596 sacris
780 2522 823 2597 in
849 2523 994 2621 campis
1020 2519 1225 2598 Adrasteae
1248 2523 1303 2597 di·

285 2649 422 2735 tionis:
481 2646 633 2744 Iupiter
660 2658 789 2742 pater,
821 2668 921 2740 quae
946 2644 1085 2740 vtique
1109 2642 1303 2719 desiderat

289 2773 455 2862 animo,
469 2769 606 2847 teticet
635 2765 721 2838 eius
745 2786 799 2839 os.
851 2765 990 2840 Omnis
1014 2788 1109 2839 vero
1135 2783 1302 2840 euentus

207 2884 208 2888 ’
288 2915 408 2989 penes
440 2905 480 2963 te
507 2892 564 2965 es't
595 2911 754 2972 eorum,
793 2909 893 2980 quae
918 2901 1098 2983 aguntur.
1162 2892 1303 2984 Neque

180 3123 232 3194 Ep.

195 3207 231 3266 57

290 3013 390 3110 (ille)
413 3011 520 3110 segni
542 3006 679 3095 corde,
706 3009 848 3104 (immo
869 3015 980 3098 vero)
1002 3008 1164 3082 afferens
1188 3009 1302 3084 auda-

233 3139 274 3248 p.
290 3135 402 3217 ciam,
428 3130 574 3229 expetit
593 3125 836 3204 beneficium.
874 3168 919 3181 -
972 3132 1078 3205 Nota
1098 3155 1196 3204 cano
1216 3130 1303 3205 deo·

290 3277 369 3349 que
389 3252 483 3350 ipsi,
517 3266 574 3338 et,
607 3247 785 3347 quisquis
808 3263 926 3320 certat
951 3246 1001 3320 de
1027 3274 1302 3349 supremorum

288 3375 557 3473 praemiorum
575 3368 748 3473 fastigiis.
801 3372 1012 3443 Summum
1032 3394 1128 3442 vero
1146 3375 1234 3445 Pisa
1253 3389 1302 3446 te-

289 3511 356 3569 net
388 3510 585 3570 certamen
617 3492 663 3568 ab
699 3489 870 3565 Hercule
903 3489 1140 3566 institutum.
1212 3500 1304 3573 Saue

236 3715 244 3722 μ
292 3642 431 3691 suaues
456 3613 618 3712 quidem
645 3635 717 3712 par
743 3609 948 3683 interualla
975 3612 1018 3688 iu
1043 3615 1160 3689 sacris
1190 3618 1303 3692 Athe.

288 3739 488 3834 niensium
512 3731 842 3832 (Panathenaicis)
863 3733 995 3830 ipsum
1019 3735 1221 3810 voces-bis
1244 3736 1305 3811 de·

288 3871 518 3942 cantarunt,
551 3854 645 3951 (in)
676 3869 856 3947 terraque
887 3853 971 3951 igni
1000 3871 1107 3927 cocta
1145 3856 1306 3955 (hydria

289 3978 439 4080 figlina)
463 3975 616 4050 fructus
638 3976 744 4048 oleae
765 3974 914 4066 (oleum
933 3999 1083 4047 sacrum
1108 4000 1182 4072 pro
1202 3976 1307 4075 prae·

288 4102 372 4173 mio
397 4097 549 4187 datum)
575 4111 795 4194 reportatus
822 4111 877 4168 est
903 4095 951 4168 ad
981 4097 1141 4169 lunonis
1166 4083 1307 4171 fortem

277 4221 484 4327 ¹populum
497 4226 649 4320 (Argos)
661 4220 702 4293 in
717 4241 899 4292 vasorum
915 4218 1169 4316 receptaculis
1187 4220 1310 4310 (theca

1032 4413 1034 4417 ,
1093 4349 1098 4382 ⁴
1175 4343 1308 4434 aenea)
