3092 5142
610 472 777 556 Carmen.
798 473 865 556 IV.
961 569 963 573 ,
1060 436 1111 531 ἰ
1189 486 1236 558 61
1319 423 1326 471 ψ’

227 667 339 744 missi
347 665 461 767 ipsis
489 667 661 744 honores
686 668 881 768 originem
905 669 1139 744 habuerunt.
1193 713 1241 727 -

229 798 434 894 Quaenam
464 790 586 889 igitur
615 789 727 862 initia
760 786 923 862 fuerunt
956 783 1311 906 nauigationisls‘·
1323 788 1368 906 4
1388 864 1393 877 ,

229 936 412 1010 quaeque
425 912 629 986 necessitas
645 910 786 986 validis
804 908 1065 986 adamantinis
1087 914 1174 988 illos
1190 915 1243 987 al·

228 1034 371 1134 ligauit
396 1033 541 1109 clauis?
581 1031 717 1107 Fatale
738 1048 820 1107 erat
846 1033 992 1122 Peliam
1014 1033 1060 1106 ab
1082 1034 1244 1108 illustri·
1314 1055 1329 1111 ’.

228 1154 304 1230 bus
322 1152 495 1229 Aeolidis
511 1151 678 1258 interfici
696 1155 781 1228 siue
797 1153 991 1242 manibus,
1014 1156 1099 1229 siue
1117 1159 1244 1231 consi·

227 1277 292 1351 liis
315 1276 451 1350 saeuis.
502 1275 621 1348 Venit
649 1274 841 1349 nimirum
874 1276 1007 1351 animo
1035 1279 1119 1352 eius
1147 1304 1243 1376 pru-

228 1397 341 1472 denti
372 1392 617 1471 horrendum
649 1395 881 1470 vaticinium
921 1396 1027 1497 apud
1062 1396 1242 1472 medium
1344 1387 1346 1390 ’

229 1519 464 1619 vmbilicum
478 1518 691 1617 (Delphos)
707 1516 910 1593 arborosae
925 1501 1076 1593 editum
1090 1520 1240 1593 matris:

226 1658 271 1717 vt
279 1632 417 1717 virum
431 1641 552 1714 altero
569 1634 722 1712 tantum
739 1636 840 1738 pede
857 1639 1070 1712 calceatum
1081 1665 1241 1739 magno-

226 1789 322 1865 pere
348 1774 522 1846 caueret,
559 1756 773 1854 siquando
798 1759 884 1832 altis
909 1785 931 1832 e
953 1761 1167 1836 recessibus
1196 1745 1240 1836 in

227 1884 399 1986 apricam
422 1899 566 1956 terram
584 1878 736 1952 veniret
756 1879 843 1954 talis
866 1881 1022 1955 inclitae
1044 1883 1139 1957 Iolci
1191 1925 1236 1939 --

229 2008 315 2080 siue
339 2002 589 2134 peregrinus,
616 1999 703 2073 siue
724 1999 833 2075 ciuis.
887 2003 1030 2078 Venit
1019 2004 1141 2104 rgitur
1157 2021 1239 2080 tan·
1253 2010 1297 2067 A
1300 2023 1320 2062 ²
1337 2017 1366 2083 4

227 2124 318 2199 dem
327 2124 457 2237 hastis
475 2120 640 2220 geminis
653 2119 716 2193 vir
732 2123 933 2214 terribilis3
956 2126 1152 2223 vestisque
1167 2100 1284 2202 du·

226 2243 383 2345 pliciter
399 2227 489 2315 eum
509 2243 621 2315 texit:
656 2240 787 2331 altera,
812 2247 1064 2343 Magnetibus
1088 2251 1238 2340 usitata,

226 2365 424 2466 applicans
447 2386 488 2436 se
503 2353 739 2436 admirandis
760 2365 965 2454 membris3
1003 2369 1120 2443 altera
1142 2399 1238 2448 vero

227 2489 429 2561 circaeam
451 2484 563 2584 pardi
585 2485 697 2584 pellis
715 2487 867 2564 arcebat
887 2489 1239 2568 horrorem-ineu.

225 2596 366 2701 tientes
383 2602 539 2679 imbres.
592 2609 735 2703 Neque
753 2614 955 2683 comarum
978 2612 1150 2688 cincinni
1174 2614 1240 2690 de·
1279 2652 1281 2657 ·

226 2730 329 2804 tonsi
351 2725 526 2800 abierant
553 2726 700 2823 pulcri,
740 2727 810 2841 sed
833 2756 904 2829 per
929 2748 1058 2806 totum
1081 2751 1237 2837 tergum

227 2845 492 2951 splendebant.
546 2849 646 2921 Mox
666 2871 781 2936 ver0,
816 2869 916 2926 recta
935 2854 1138 2946 accedens,
1176 2864 1238 2935 sui

225 2970 399 3048 constitit
415 2992 539 3041 anama
548 2970 804 3067 1mpetterrrt1
819 2974 1130 3071 experimentum
1142 2977 1238 3057 dans

208 3094 264 3167 ‘in
281 3072 375 3165 foro
393 3113 520 3186 quum
533 3086 717 3185 frequens
732 3107 829 3164 esset
847 3092 969 3167 turba
1011 3139 1058 3152 -
1109 3093 1346 3199 Atquefa4
1413 3186 1415 3190 ι

222 3238 317 3291 eum
332 3208 496 3310 quidem
516 3233 599 3283 non
615 3209 889 3309 agnoscebant;
925 3215 1238 3299 animaduerten-
1271 3175 1331 3230 ⁶²

221 3337 327 3410 tium
347 3348 478 3406 tamen
495 3327 635 3424 aliquis
656 3326 753 3402 dixit
771 3330 842 3405 ita:
868 3337 1079 3435 Numquid
1093 3343 1159 3417 hic
1181 3364 1238 3423 est

213 3454 387 3554 Apollo!
421 3476 550 3547 neque
577 3474 666 3524 sane
686 3473 1098 3534 aereo-curru-vtens
1119 3468 1237 3538 mari·
1340 3496 1354 3561 t'

218 3593 286 3650 tus
313 3590 372 3649 est
394 3573 564 3648 Veneris.
639 3574 684 3644 In
706 3573 821 3645 Naxo
843 3591 975 3649 autem
1001 3578 1099 3653 clara
1125 3587 1237 3663 aiunt

219 3695 366 3770 obiisse
381 3688 621 3792 Iphimediae
632 3689 739 3796 ¹lilios
757 3696 900 3784 Otum‚
926 3712 964 3770 et
987 3713 1044 3787 te,
1062 3727 1093 3792 Ιο
1111 3706 1237 3784 audax

217 3816 400 3916 Ephialta
423 3840 500 3890 rex,
573 3814 703 3887 Etiam
725 3814 892 3913 Tityum
922 3820 1056 3918 sagitta
1085 3828 1236 3906 Dianae

219 3933 392 4017 confecit
420 3934 537 4009 velox
564 3961 611 4009 ex
637 3934 786 4008 inuicta
810 3936 989 4033 pharetra
1015 3942 1217 4045 depromta
1224 3981 1235 4043 ;

216 4072 262 4129 vt
280 4057 451 4152 quisque
466 4052 516 4126 ad
533 4055 660 4128 licitos
675 4076 826 4128 amores
846 4056 1040 4158 adspirare
1058 4088 1171 4146 amet.
1188 4118 1233 4130 -
1299 4073 1301 4077 ’

217 4178 329 4255 Talia
352 4177 411 4252 illi
431 4178 534 4252 inter
553 4201 633 4253 sese
651 4174 826 4249 inuicem
843 4168 1114 4275 loquebantur.
1141 4199 1235 4271 Mu.
1249 4176 1344 4317 ⁸354

1124 4316 1234 4394 labus
