<?xml version="1.0" encoding="UTF-8"?>
<!DOCTYPE html PUBLIC "-//W3C//DTD XHTML 1.0 Transitional//EN"
    "http://www.w3.org/TR/xhtml1/DTD/xhtml1-transitional.dtd">
<html xmlns="http://www.w3.org/1999/xhtml" xml:lang="en" lang="en">
 <head>
  <title>
</title>
<meta http-equiv="Content-Type" content="text/html;charset=utf-8" />
  <meta name='ocr-system' content='tesseract 3.04.00' />
  <meta name='ocr-capabilities' content='ocr_page ocr_carea ocr_par ocr_line ocrx_word'/>
</head>
<body>
  <div class='ocr_page' id='page_1' title='image "./pindaricarminae02pindgoog_0079.png"; bbox 0 0 3092 5142; ppageno 0'>
   <div class='ocr_carea' id='block_1_1' title="bbox 456 478 1195 631">
    <p class='ocr_par' dir='ltr' id='par_1_1' title="bbox 456 478 1195 631">
     <span class='ocr_line' id='line_1_1' title="bbox 456 478 1195 631; baseline -0.001 -37"><span class='ocrx_word' id='word_1_1' title='bbox 456 487 461 494; x_wconf 38' lang='lat'><strong><em>¹</em></strong></span> <span class='ocrx_word' id='word_1_2' title='bbox 518 480 521 487; x_wconf 19' lang='grc' dir='ltr'><strong><em>Ι</em></strong></span> <span class='ocrx_word' id='word_1_3' title='bbox 542 513 702 631; x_wconf 75' lang='lat' dir='ltr'>Carmen</span> <span class='ocrx_word' id='word_1_4' title='bbox 726 512 806 598; x_wconf 88' lang='lat' dir='ltr'>lV.</span> <span class='ocrx_word' id='word_1_5' title='bbox 1132 478 1195 616; x_wconf 60' lang='grc' dir='ltr'>ἐρ·</span> 
     </span>
    </p>
   </div>
   <div class='ocr_carea' id='block_1_2' title="bbox 152 681 1397 4434">
    <p class='ocr_par' dir='ltr' id='par_1_2' title="bbox 152 681 1397 4323">
     <span class='ocr_line' id='line_1_2' title="bbox 163 681 1256 811; baseline -0.006 -28"><span class='ocrx_word' id='word_1_6' title='bbox 163 733 293 811; x_wconf 85' lang='lat' dir='ltr'>genus</span> <span class='ocrx_word' id='word_1_7' title='bbox 309 707 508 808; x_wconf 89' lang='lat' dir='ltr'>Euphemi</span> <span class='ocrx_word' id='word_1_8' title='bbox 527 723 655 782; x_wconf 89' lang='lat' dir='ltr'>satum</span> <span class='ocrx_word' id='word_1_9' title='bbox 670 707 712 778; x_wconf 90' lang='lat' dir='ltr'>in</span> <span class='ocrx_word' id='word_1_10' title='bbox 726 721 930 804; x_wconf 90' lang='lat' dir='ltr'>posterum</span> <span class='ocrx_word' id='word_1_11' title='bbox 946 705 1187 806; x_wconf 87' lang='lat' dir='ltr'>perpetuum</span> <span class='ocrx_word' id='word_1_12' title='bbox 1218 681 1236 741; x_wconf 40' lang='lat'>&#39;¹</span> <span class='ocrx_word' id='word_1_13' title='bbox 1253 768 1256 776; x_wconf 91' lang='lat'>.</span> 
     </span>
     <span class='ocr_line' id='line_1_3' title="bbox 164 826 1187 933; baseline -0.005 -28"><span class='ocrx_word' id='word_1_14' title='bbox 164 836 359 933; x_wconf 85' lang='lat' dir='ltr'>(tempus)</span> <span class='ocrx_word' id='word_1_15' title='bbox 378 833 513 906; x_wconf 86' lang='lat' dir='ltr'>extitit.</span> <span class='ocrx_word' id='word_1_16' title='bbox 537 836 587 905; x_wconf 93' lang='lat' dir='ltr'>Et</span> <span class='ocrx_word' id='word_1_17' title='bbox 602 827 1003 904; x_wconf 81' lang='lat' dir='ltr'>Lacedaemoniorum</span> <span class='ocrx_word' id='word_1_18' title='bbox 1022 826 1187 924; x_wconf 89' lang='lat' dir='ltr'>ingressi</span> 
     </span>
     <span class='ocr_line' id='line_1_4' title="bbox 165 948 1341 1052; baseline -0.011 -23"><span class='ocrx_word' id='word_1_19' title='bbox 165 953 277 1029; x_wconf 85' lang='lat' dir='ltr'>sedes</span> <span class='ocrx_word' id='word_1_20' title='bbox 302 968 436 1052; x_wconf 88' lang='lat' dir='ltr'>postea</span> <span class='ocrx_word' id='word_1_21' title='bbox 456 950 665 1048; x_wconf 89' lang='lat' dir='ltr'>aliquando</span> <span class='ocrx_word' id='word_1_22' title='bbox 687 951 729 1024; x_wconf 91' lang='lat' dir='ltr'>in</span> <span class='ocrx_word' id='word_1_23' title='bbox 753 948 1188 1047; x_wconf 67' lang='lat' dir='ltr'>Gallinam-migrarunt·</span> <span class='ocrx_word' id='word_1_24' title='bbox 1283 991 1290 1036; x_wconf 78' lang='lat'>·.</span> <span class='ocrx_word' id='word_1_25' title='bbox 1336 1006 1341 1016; x_wconf 94' lang='lat'>.</span> 
     </span>
     <span class='ocr_line' id='line_1_5' title="bbox 164 1067 1184 1151; baseline -0.007 -1"><span class='ocrx_word' id='word_1_26' title='bbox 164 1078 349 1151; x_wconf 86' lang='lat' dir='ltr'>insulam.</span> <span class='ocrx_word' id='word_1_27' title='bbox 402 1071 498 1148; x_wconf 92' lang='lat' dir='ltr'>Inde</span> <span class='ocrx_word' id='word_1_28' title='bbox 515 1091 611 1146; x_wconf 86' lang='lat' dir='ltr'>vero</span> <span class='ocrx_word' id='word_1_29' title='bbox 629 1070 741 1144; x_wconf 89' lang='lat' dir='ltr'>vobis</span> <span class='ocrx_word' id='word_1_30' title='bbox 762 1075 933 1144; x_wconf 80' lang='lat' dir='ltr'><strong>Latonae</strong></span> <span class='ocrx_word' id='word_1_31' title='bbox 954 1067 1058 1143; x_wconf 90' lang='lat' dir='ltr'>filius</span> <span class='ocrx_word' id='word_1_32' title='bbox 1074 1068 1184 1143; x_wconf 87' lang='lat' dir='ltr'>dedit</span> 
     </span>
     <span class='ocr_line' id='line_1_6' title="bbox 164 1190 1184 1297; baseline -0.01 -22"><span class='ocrx_word' id='word_1_33' title='bbox 164 1197 334 1297; x_wconf 75' lang='lat' dir='ltr'>libyam</span> <span class='ocrx_word' id='word_1_34' title='bbox 351 1213 494 1268; x_wconf 87' lang='lat' dir='ltr'>terram</span> <span class='ocrx_word' id='word_1_35' title='bbox 511 1193 679 1268; x_wconf 89' lang='lat' dir='ltr'>deorum</span> <span class='ocrx_word' id='word_1_36' title='bbox 696 1190 887 1268; x_wconf 88' lang='lat' dir='ltr'>beneficio</span> <span class='ocrx_word' id='word_1_37' title='bbox 909 1190 1122 1279; x_wconf 83' lang='lat' dir='ltr'>colendam,</span> <span class='ocrx_word' id='word_1_38' title='bbox 1134 1190 1184 1265; x_wconf 90' lang='lat' dir='ltr'>ad</span> 
     </span>
     <span class='ocr_line' id='line_1_7' title="bbox 163 1312 1182 1412; baseline -0.008 -19"><span class='ocrx_word' id='word_1_39' title='bbox 163 1319 306 1393; x_wconf 86' lang='lat' dir='ltr'>vrbem</span> <span class='ocrx_word' id='word_1_40' title='bbox 327 1315 578 1390; x_wconf 88' lang='lat' dir='ltr'>aurithronae</span> <span class='ocrx_word' id='word_1_41' title='bbox 595 1313 889 1412; x_wconf 79' lang='lat' dir='ltr'>gubernandam</span> <span class='ocrx_word' id='word_1_42' title='bbox 908 1312 1087 1387; x_wconf 88' lang='lat' dir='ltr'>diuinam</span> <span class='ocrx_word' id='word_1_43' title='bbox 1108 1317 1182 1412; x_wconf 89' lang='lat' dir='ltr'>Cy·</span> 
     </span>
     <span class='ocr_line' id='line_1_8' title="bbox 158 1424 1307 1569; baseline -0.009 -54"><span class='ocrx_word' id='word_1_44' title='bbox 158 1427 280 1516; x_wconf 82' lang='lat' dir='ltr'>renes</span> <span class='ocrx_word' id='word_1_45' title='bbox 327 1479 373 1494; x_wconf 93' lang='lat'>-</span> <span class='ocrx_word' id='word_1_46' title='bbox 425 1433 1078 1533; x_wconf 87' lang='lat' dir='ltr'>recti-consultricemprudentiam</span> <span class='ocrx_word' id='word_1_47' title='bbox 1093 1433 1181 1507; x_wconf 91' lang='lat' dir='ltr'>ade·</span> <span class='ocrx_word' id='word_1_48' title='bbox 1195 1424 1307 1569; x_wconf 49' lang='lat'>‘⁴233&#39;-</span> 
     </span>
     <span class='ocr_line' id='line_1_9' title="bbox 163 1537 1282 1664; baseline -0.008 -26"><span class='ocrx_word' id='word_1_49' title='bbox 163 1565 259 1664; x_wconf 69' lang='lat' dir='ltr'>ptis</span> <span class='ocrx_word' id='word_1_50' title='bbox 308 1560 411 1635; x_wconf 86' lang='lat' dir='ltr'>Calle</span> <span class='ocrx_word' id='word_1_51' title='bbox 431 1583 540 1631; x_wconf 88' lang='lat' dir='ltr'>nunc</span> <span class='ocrx_word' id='word_1_52' title='bbox 560 1540 703 1656; x_wconf 79' lang='lat' dir='ltr'>Oedipi</span> <span class='ocrx_word' id='word_1_53' title='bbox 726 1544 964 1654; x_wconf 75' lang='lat' dir='ltr'>sapientiam.</span> <span class='ocrx_word' id='word_1_54' title='bbox 1017 1558 1181 1630; x_wconf 84' lang='lat' dir='ltr'>Etiamsi</span> <span class='ocrx_word' id='word_1_55' title='bbox 1275 1537 1282 1552; x_wconf 54' lang='lat'><em>⁶</em></span> 
     </span>
     <span class='ocr_line' id='line_1_10' title="bbox 165 1675 1295 1782; baseline -0.006 -24"><span class='ocrx_word' id='word_1_56' title='bbox 165 1686 255 1782; x_wconf 88' lang='lat' dir='ltr'>quis</span> <span class='ocrx_word' id='word_1_57' title='bbox 271 1705 400 1756; x_wconf 90' lang='lat' dir='ltr'>ramos</span> <span class='ocrx_word' id='word_1_58' title='bbox 419 1693 531 1752; x_wconf 88' lang='lat' dir='ltr'>acuta</span> <span class='ocrx_word' id='word_1_59' title='bbox 551 1675 678 1750; x_wconf 88' lang='lat' dir='ltr'>securi</span> <span class='ocrx_word' id='word_1_60' title='bbox 695 1692 871 1776; x_wconf 87' lang='lat' dir='ltr'>amputet</span> <span class='ocrx_word' id='word_1_61' title='bbox 883 1702 1050 1777; x_wconf 88' lang='lat' dir='ltr'>magnae</span> <span class='ocrx_word' id='word_1_62' title='bbox 1066 1703 1180 1775; x_wconf 90' lang='lat' dir='ltr'>quer·</span> <span class='ocrx_word' id='word_1_63' title='bbox 1240 1676 1243 1688; x_wconf 68' lang='lat'>‘</span> <span class='ocrx_word' id='word_1_64' title='bbox 1293 1717 1295 1723; x_wconf 83' lang='lat'><em>.</em></span> 
     </span>
     <span class='ocr_line' id='line_1_11' title="bbox 165 1794 1180 1897; baseline -0.003 -21"><span class='ocrx_word' id='word_1_65' title='bbox 165 1829 246 1891; x_wconf 88' lang='lat' dir='ltr'>cus,</span> <span class='ocrx_word' id='word_1_66' title='bbox 272 1799 482 1897; x_wconf 82' lang='lat' dir='ltr'>foedetque</span> <span class='ocrx_word' id='word_1_67' title='bbox 503 1794 770 1872; x_wconf 82' lang='lat' dir='ltr'>admirandam</span> <span class='ocrx_word' id='word_1_68' title='bbox 790 1799 876 1870; x_wconf 89' lang='lat' dir='ltr'>eius</span> <span class='ocrx_word' id='word_1_69' title='bbox 896 1800 1083 1896; x_wconf 90' lang='lat' dir='ltr'>speciem:</span> <span class='ocrx_word' id='word_1_70' title='bbox 1106 1805 1180 1897; x_wconf 87' lang='lat' dir='ltr'>(ta-</span> 
     </span>
     <span class='ocr_line' id='line_1_12' title="bbox 164 1917 1176 2018; baseline -0.004 -18"><span class='ocrx_word' id='word_1_71' title='bbox 164 1950 258 2001; x_wconf 90' lang='lat' dir='ltr'>men</span> <span class='ocrx_word' id='word_1_72' title='bbox 274 1924 358 2018; x_wconf 89' lang='lat' dir='ltr'>illa)</span> <span class='ocrx_word' id='word_1_73' title='bbox 379 1923 458 2001; x_wconf 62' lang='lat' dir='ltr'>etsiv</span> <span class='ocrx_word' id='word_1_74' title='bbox 469 1919 609 1995; x_wconf 88' lang='lat' dir='ltr'>sterilis</span> <span class='ocrx_word' id='word_1_75' title='bbox 623 1917 793 2006; x_wconf 89' lang='lat' dir='ltr'>reddita,</span> <span class='ocrx_word' id='word_1_76' title='bbox 820 1917 889 2018; x_wconf 73' lang='lat' dir='ltr'>dat¹</span> <span class='ocrx_word' id='word_1_77' title='bbox 907 1941 999 1995; x_wconf 88' lang='lat' dir='ltr'>suae</span> <span class='ocrx_word' id='word_1_78' title='bbox 1014 1938 1176 1996; x_wconf 90' lang='lat' dir='ltr'>naturae</span> 
     </span>
     <span class='ocr_line' id='line_1_13' title="bbox 165 2025 1178 2146; baseline -0.005 -25"><span class='ocrx_word' id='word_1_79' title='bbox 165 2061 464 2146; x_wconf 87' lang='lat' dir='ltr'>argumentum,</span> <span class='ocrx_word' id='word_1_80' title='bbox 491 2044 523 2117; x_wconf 89' lang='lat' dir='ltr'>si</span> <span class='ocrx_word' id='word_1_81' title='bbox 542 2025 698 2138; x_wconf 88' lang='lat' dir='ltr'>quando</span> <span class='ocrx_word' id='word_1_82' title='bbox 714 2040 902 2124; x_wconf 77' lang='lat' dir='ltr'>hibernus</span> <span class='ocrx_word' id='word_1_83' title='bbox 920 2041 1021 2141; x_wconf 90' lang='lat' dir='ltr'>ignis</span> <span class='ocrx_word' id='word_1_84' title='bbox 1034 2045 1099 2117; x_wconf 90' lang='lat' dir='ltr'>illa</span> <span class='ocrx_word' id='word_1_85' title='bbox 1112 2041 1178 2116; x_wconf 89' lang='lat' dir='ltr'>fiat</span> 
     </span>
     <span class='ocr_line' id='line_1_14' title="bbox 152 2142 1178 2270; baseline -0.006 -27"><span class='ocrx_word' id='word_1_86' title='bbox 152 2144 469 2257; x_wconf 54' lang='lat' dir='ltr'>‚adextrenium</span> <span class='ocrx_word' id='word_1_87' title='bbox 494 2177 561 2236; x_wconf 89' lang='lat' dir='ltr'>aut</span> <span class='ocrx_word' id='word_1_88' title='bbox 578 2142 691 2236; x_wconf 85' lang='lat' dir='ltr'>rectis</span> <span class='ocrx_word' id='word_1_89' title='bbox 708 2162 898 2236; x_wconf 90' lang='lat' dir='ltr'>herilibus</span> <span class='ocrx_word' id='word_1_90' title='bbox 920 2165 978 2257; x_wconf 91' lang='lat' dir='ltr'>(in</span> <span class='ocrx_word' id='word_1_91' title='bbox 996 2165 1178 2270; x_wconf 76' lang='lat' dir='ltr'>lieri-do·</span> 
     </span>
     <span class='ocr_line' id='line_1_15' title="bbox 165 2281 1260 2385; baseline -0.013 -19"><span class='ocrx_word' id='word_1_92' title='bbox 165 2290 251 2385; x_wconf 90' lang='lat' dir='ltr'>mo)</span> <span class='ocrx_word' id='word_1_93' title='bbox 275 2285 470 2362; x_wconf 89' lang='lat' dir='ltr'>columnis</span> <span class='ocrx_word' id='word_1_94' title='bbox 494 2281 591 2356; x_wconf 82' lang='lat' dir='ltr'>fulta</span> <span class='ocrx_word' id='word_1_95' title='bbox 612 2287 816 2380; x_wconf 91' lang='lat' dir='ltr'>(tanquam</span> <span class='ocrx_word' id='word_1_96' title='bbox 835 2285 954 2381; x_wconf 87' lang='lat' dir='ltr'>trabs)</span> <span class='ocrx_word' id='word_1_97' title='bbox 972 2313 1073 2361; x_wconf 91' lang='lat' dir='ltr'>onus</span> <span class='ocrx_word' id='word_1_98' title='bbox 1092 2287 1177 2360; x_wconf 87' lang='lat' dir='ltr'>aliis</span> <span class='ocrx_word' id='word_1_99' title='bbox 1257 2347 1260 2352; x_wconf 90' lang='lat'>.</span> 
     </span>
     <span class='ocr_line' id='line_1_16' title="bbox 165 2401 1173 2494; baseline -0.006 -10"><span class='ocrx_word' id='word_1_100' title='bbox 165 2411 207 2484; x_wconf 90' lang='lat' dir='ltr'>in</span> <span class='ocrx_word' id='word_1_101' title='bbox 227 2407 354 2483; x_wconf 88' lang='lat' dir='ltr'>muris</span> <span class='ocrx_word' id='word_1_102' title='bbox 369 2401 528 2476; x_wconf 86' lang='lat' dir='ltr'>difficile</span> <span class='ocrx_word' id='word_1_103' title='bbox 547 2404 752 2494; x_wconf 90' lang='lat' dir='ltr'>sustineat,</span> <span class='ocrx_word' id='word_1_104' title='bbox 777 2430 851 2480; x_wconf 86' lang='lat' dir='ltr'>suo</span> <span class='ocrx_word' id='word_1_105' title='bbox 868 2405 1052 2480; x_wconf 89' lang='lat' dir='ltr'>derelicto</span> <span class='ocrx_word' id='word_1_106' title='bbox 1073 2403 1173 2478; x_wconf 89' lang='lat' dir='ltr'>loco.</span> 
     </span>
     <span class='ocr_line' id='line_1_17' title="bbox 166 2510 1364 2659; baseline -0.005 -57"><span class='ocrx_word' id='word_1_107' title='bbox 166 2573 211 2588; x_wconf 89' lang='lat'><em>-</em></span> <span class='ocrx_word' id='word_1_108' title='bbox 265 2532 333 2602; x_wconf 87' lang='lat' dir='ltr'>Tu</span> <span class='ocrx_word' id='word_1_109' title='bbox 356 2548 466 2623; x_wconf 41' lang='lat' dir='ltr'>vero,</span> <span class='ocrx_word' id='word_1_110' title='bbox 482 2524 571 2598; x_wconf 91' lang='lat' dir='ltr'>ades</span> <span class='ocrx_word' id='word_1_111' title='bbox 592 2510 770 2599; x_wconf 81' lang='lat' dir='ltr'>medicus</span> <span class='ocrx_word' id='word_1_112' title='bbox 800 2517 1273 2659; x_wconf 42' lang='lat' dir='ltr'>opportunissimum-&#39;gg</span> <span class='ocrx_word' id='word_1_113' title='bbox 1357 2588 1364 2596; x_wconf 87' lang='lat'><strong>.</strong></span> 
     </span>
     <span class='ocr_line' id='line_1_18' title="bbox 165 2626 1273 2747; baseline -0.007 -20"><span class='ocrx_word' id='word_1_114' title='bbox 165 2656 371 2745; x_wconf 88' lang='lat' dir='ltr'>Paeanque</span> <span class='ocrx_word' id='word_1_115' title='bbox 404 2659 513 2717; x_wconf 90' lang='lat' dir='ltr'>tuam</span> <span class='ocrx_word' id='word_1_116' title='bbox 548 2647 718 2721; x_wconf 90' lang='lat' dir='ltr'>honorat</span> <span class='ocrx_word' id='word_1_117' title='bbox 749 2649 874 2721; x_wconf 88' lang='lat' dir='ltr'>vitam</span> <span class='ocrx_word' id='word_1_118' title='bbox 907 2646 1037 2747; x_wconf 72' lang='lat' dir='ltr'>(fauet</span> <span class='ocrx_word' id='word_1_119' title='bbox 1064 2647 1173 2740; x_wconf 87' lang='lat' dir='ltr'>tibi).</span> <span class='ocrx_word' id='word_1_120' title='bbox 1266 2626 1273 2640; x_wconf 51' lang='lat'>⁸</span> 
     </span>
     <span class='ocr_line' id='line_1_19' title="bbox 165 2763 1177 2870; baseline -0.009 -22"><span class='ocrx_word' id='word_1_121' title='bbox 165 2777 334 2870; x_wconf 87' lang='lat' dir='ltr'>Oportet</span> <span class='ocrx_word' id='word_1_122' title='bbox 362 2763 474 2838; x_wconf 90' lang='lat' dir='ltr'>molli</span> <span class='ocrx_word' id='word_1_123' title='bbox 500 2789 622 2840; x_wconf 88' lang='lat' dir='ltr'>manu</span> <span class='ocrx_word' id='word_1_124' title='bbox 649 2765 822 2842; x_wconf 86' lang='lat' dir='ltr'>adhibita</span> <span class='ocrx_word' id='word_1_125' title='bbox 842 2795 885 2844; x_wconf 89' lang='lat' dir='ltr'>os</span> <span class='ocrx_word' id='word_1_126' title='bbox 906 2770 1081 2844; x_wconf 85' lang='lat' dir='ltr'>vulneris</span> <span class='ocrx_word' id='word_1_127' title='bbox 1099 2783 1177 2848; x_wconf 85' lang='lat' dir='ltr'>tra·</span> 
     </span>
     <span class='ocr_line' id='line_1_20' title="bbox 163 2886 1179 2986; baseline -0.006 -19"><span class='ocrx_word' id='word_1_128' title='bbox 163 2909 277 2968; x_wconf 85' lang='lat' dir='ltr'>ctare.</span> <span class='ocrx_word' id='word_1_129' title='bbox 330 2886 457 2964; x_wconf 86' lang='lat' dir='ltr'>Facile</span> <span class='ocrx_word' id='word_1_130' title='bbox 476 2886 625 2986; x_wconf 90' lang='lat' dir='ltr'>quippe</span> <span class='ocrx_word' id='word_1_131' title='bbox 645 2905 703 2964; x_wconf 89' lang='lat' dir='ltr'>est</span> <span class='ocrx_word' id='word_1_132' title='bbox 734 2891 935 2964; x_wconf 89' lang='lat' dir='ltr'>ciuitatem</span> <span class='ocrx_word' id='word_1_133' title='bbox 969 2905 1179 2964; x_wconf 87' lang='lat' dir='ltr'>concutere</span> 
     </span>
     <span class='ocr_line' id='line_1_21' title="bbox 162 3005 1179 3099; baseline -0.013 -11"><span class='ocrx_word' id='word_1_134' title='bbox 162 3016 285 3088; x_wconf 83' lang='lat' dir='ltr'>etiam</span> <span class='ocrx_word' id='word_1_135' title='bbox 303 3005 638 3083; x_wconf 90' lang='lat' dir='ltr'>imbecillioribus.</span> <span class='ocrx_word' id='word_1_136' title='bbox 693 3015 741 3087; x_wconf 87' lang='lat' dir='ltr'>At</span> <span class='ocrx_word' id='word_1_137' title='bbox 761 3012 913 3086; x_wconf 89' lang='lat' dir='ltr'>insede</span> <span class='ocrx_word' id='word_1_138' title='bbox 937 3013 1083 3099; x_wconf 85' lang='lat' dir='ltr'>iterum</span> <span class='ocrx_word' id='word_1_139' title='bbox 1100 3009 1179 3084; x_wconf 85' lang='lat' dir='ltr'>col.</span> 
     </span>
     <span class='ocr_line' id='line_1_22' title="bbox 162 3121 1383 3235; baseline -0.007 -24"><span class='ocrx_word' id='word_1_140' title='bbox 162 3138 305 3222; x_wconf 87' lang='lat' dir='ltr'>locare,</span> <span class='ocrx_word' id='word_1_141' title='bbox 329 3126 489 3204; x_wconf 82' lang='lat' dir='ltr'>difficile</span> <span class='ocrx_word' id='word_1_142' title='bbox 511 3130 647 3226; x_wconf 87' lang='lat' dir='ltr'>vtique</span> <span class='ocrx_word' id='word_1_143' title='bbox 662 3146 736 3222; x_wconf 90' lang='lat' dir='ltr'>est,</span> <span class='ocrx_word' id='word_1_144' title='bbox 759 3121 964 3232; x_wconf 86' lang='lat' dir='ltr'>inopinato</span> <span class='ocrx_word' id='word_1_145' title='bbox 980 3133 1056 3205; x_wconf 90' lang='lat' dir='ltr'>nisi</span> <span class='ocrx_word' id='word_1_146' title='bbox 1080 3130 1179 3205; x_wconf 89' lang='lat' dir='ltr'>deus</span> <span class='ocrx_word' id='word_1_147' title='bbox 1376 3222 1383 3235; x_wconf 37' lang='lat'>‚</span> 
     </span>
     <span class='ocr_line' id='line_1_23' title="bbox 163 3234 1397 3356; baseline -0.002 -27"><span class='ocrx_word' id='word_1_148' title='bbox 163 3252 428 3356; x_wconf 60' lang='lat' dir='ltr'>principibus*</span> <span class='ocrx_word' id='word_1_149' title='bbox 445 3250 683 3350; x_wconf 87' lang='lat' dir='ltr'>gubernator</span> <span class='ocrx_word' id='word_1_150' title='bbox 714 3252 903 3328; x_wconf 73' lang='lat' dir='ltr'>adfuerit.&#39;</span> <span class='ocrx_word' id='word_1_151' title='bbox 963 3253 1054 3329; x_wconf 91' lang='lat' dir='ltr'>Tibi</span> <span class='ocrx_word' id='word_1_152' title='bbox 1083 3277 1177 3327; x_wconf 89' lang='lat' dir='ltr'>vero</span> <span class='ocrx_word' id='word_1_153' title='bbox 1283 3246 1301 3252; x_wconf 83' lang='lat'>..</span> <span class='ocrx_word' id='word_1_154' title='bbox 1383 3234 1397 3337; x_wconf 40' lang='lat'>¹,</span> 
     </span>
     <span class='ocr_line' id='line_1_24' title="bbox 163 3372 1179 3459; baseline -0.008 -5"><span class='ocrx_word' id='word_1_155' title='bbox 163 3379 311 3454; x_wconf 85' lang='lat' dir='ltr'>harum</span> <span class='ocrx_word' id='word_1_156' title='bbox 329 3397 465 3446; x_wconf 88' lang='lat' dir='ltr'>rerum</span> <span class='ocrx_word' id='word_1_157' title='bbox 481 3373 702 3459; x_wconf 82' lang='lat' dir='ltr'>contexitur</span> <span class='ocrx_word' id='word_1_158' title='bbox 712 3373 843 3450; x_wconf 91' lang='lat' dir='ltr'>decus.</span> <span class='ocrx_word' id='word_1_159' title='bbox 895 3383 1104 3451; x_wconf 88' lang='lat' dir='ltr'>Perseuera</span> <span class='ocrx_word' id='word_1_160' title='bbox 1123 3372 1179 3447; x_wconf 81' lang='lat' dir='ltr'>fe-</span> 
     </span>
     <span class='ocr_line' id='line_1_25' title="bbox 161 3495 1279 3594; baseline -0.01 -21"><span class='ocrx_word' id='word_1_161' title='bbox 161 3499 281 3573; x_wconf 90' lang='lat' dir='ltr'>licem</span> <span class='ocrx_word' id='word_1_162' title='bbox 306 3495 351 3568; x_wconf 91' lang='lat' dir='ltr'>in</span> <span class='ocrx_word' id='word_1_163' title='bbox 380 3498 559 3592; x_wconf 87' lang='lat' dir='ltr'>Cyrenen</span> <span class='ocrx_word' id='word_1_164' title='bbox 586 3495 815 3594; x_wconf 86' lang='lat' dir='ltr'>impendere</span> <span class='ocrx_word' id='word_1_165' title='bbox 844 3495 1021 3571; x_wconf 88' lang='lat' dir='ltr'>studium</span> <span class='ocrx_word' id='word_1_166' title='bbox 1048 3521 1177 3570; x_wconf 88' lang='lat' dir='ltr'>omne.</span> <span class='ocrx_word' id='word_1_167' title='bbox 1226 3508 1229 3514; x_wconf 86' lang='grc'><strong><em>·</em></strong></span> <span class='ocrx_word' id='word_1_168' title='bbox 1276 3558 1279 3562; x_wconf 83' lang='grc'><em>,</em></span> 
     </span>
     <span class='ocr_line' id='line_1_26' title="bbox 162 3598 1348 3717; baseline -0.012 -22"><span class='ocrx_word' id='word_1_169' title='bbox 162 3617 468 3698; x_wconf 80' lang='lat' dir='ltr'>Homericamm</span> <span class='ocrx_word' id='word_1_170' title='bbox 495 3598 624 3691; x_wconf 80' lang='lat' dir='ltr'>autem</span> <span class='ocrx_word' id='word_1_171' title='bbox 652 3619 766 3690; x_wconf 86' lang='lat' dir='ltr'>etiam</span> <span class='ocrx_word' id='word_1_172' title='bbox 795 3619 895 3691; x_wconf 86' lang='lat' dir='ltr'>hanc</span> <span class='ocrx_word' id='word_1_173' title='bbox 930 3615 1178 3690; x_wconf 83' lang='lat' dir='ltr'>considerans</span> <span class='ocrx_word' id='word_1_174' title='bbox 1191 3629 1304 3698; x_wconf 45' lang='lat' dir='ltr'>aaran,</span> <span class='ocrx_word' id='word_1_175' title='bbox 1346 3711 1348 3717; x_wconf 23' lang='grc' dir='ltr'>Ι</span> 
     </span>
     <span class='ocr_line' id='line_1_27' title="bbox 162 3709 1271 3836; baseline -0.005 -20"><span class='ocrx_word' id='word_1_176' title='bbox 162 3739 397 3816; x_wconf 87' lang='lat' dir='ltr'>sententiam</span> <span class='ocrx_word' id='word_1_177' title='bbox 410 3757 521 3810; x_wconf 84' lang='lat' dir='ltr'>cura:</span> <span class='ocrx_word' id='word_1_178' title='bbox 547 3737 748 3810; x_wconf 88' lang='lat' dir='ltr'>Nuntium</span> <span class='ocrx_word' id='word_1_179' title='bbox 765 3736 1013 3835; x_wconf 86' lang='lat' dir='ltr'>prudentem,</span> <span class='ocrx_word' id='word_1_180' title='bbox 1036 3738 1179 3836; x_wconf 89' lang='lat' dir='ltr'>inquit,</span> <span class='ocrx_word' id='word_1_181' title='bbox 1208 3709 1271 3774; x_wconf 73' lang='lat'><strong>495·</strong></span> 
     </span>
     <span class='ocr_line' id='line_1_28' title="bbox 162 3851 1180 3954; baseline -0.003 -16"><span class='ocrx_word' id='word_1_182' title='bbox 162 3852 369 3939; x_wconf 84' lang='lat' dir='ltr'>honorem</span> <span class='ocrx_word' id='word_1_183' title='bbox 387 3855 606 3928; x_wconf 88' lang='lat' dir='ltr'>maximum</span> <span class='ocrx_word' id='word_1_184' title='bbox 633 3854 838 3954; x_wconf 86' lang='lat' dir='ltr'>(adeoque</span> <span class='ocrx_word' id='word_1_185' title='bbox 850 3867 1086 3953; x_wconf 88' lang='lat' dir='ltr'>successum)</span> <span class='ocrx_word' id='word_1_186' title='bbox 1100 3851 1180 3936; x_wconf 73' lang='lat' dir='ltr'>&#39;ne-</span> 
     </span>
     <span class='ocr_line' id='line_1_29' title="bbox 165 3976 1180 4083; baseline 0.002 -28"><span class='ocrx_word' id='word_1_187' title='bbox 165 3983 276 4082; x_wconf 86' lang='lat' dir='ltr'>gotio</span> <span class='ocrx_word' id='word_1_188' title='bbox 303 3978 432 4083; x_wconf 84' lang='lat' dir='ltr'>cuiuis</span> <span class='ocrx_word' id='word_1_189' title='bbox 454 3977 599 4049; x_wconf 88' lang='lat' dir='ltr'>afferre.</span> <span class='ocrx_word' id='word_1_190' title='bbox 664 3980 842 4076; x_wconf 84' lang='lat' dir='ltr'>Augetur</span> <span class='ocrx_word' id='word_1_191' title='bbox 865 3979 963 4055; x_wconf 90' lang='lat' dir='ltr'>adeo</span> <span class='ocrx_word' id='word_1_192' title='bbox 991 3976 1180 4079; x_wconf 78' lang='lat' dir='ltr'>(honora)</span> 
     </span>
     <span class='ocr_line' id='line_1_30' title="bbox 166 4094 1180 4200; baseline -0.005 -20"><span class='ocrx_word' id='word_1_193' title='bbox 166 4107 289 4180; x_wconf 84' lang='lat' dir='ltr'>Musa</span> <span class='ocrx_word' id='word_1_194' title='bbox 302 4094 463 4195; x_wconf 87' lang='lat' dir='ltr'>quoque</span> <span class='ocrx_word' id='word_1_195' title='bbox 480 4097 622 4170; x_wconf 85' lang='lat' dir='ltr'>nuntio</span> <span class='ocrx_word' id='word_1_196' title='bbox 639 4115 755 4177; x_wconf 79' lang='lat' dir='ltr'>recto.</span> <span class='ocrx_word' id='word_1_197' title='bbox 810 4101 1007 4198; x_wconf 88' lang='lat' dir='ltr'>Cognouit</span> <span class='ocrx_word' id='word_1_198' title='bbox 1029 4107 1180 4200; x_wconf 88' lang='lat' dir='ltr'>Cyrene</span> 
     </span>
     <span class='ocr_line' id='line_1_31' title="bbox 166 4218 1183 4323; baseline -0.011 -20"><span class='ocrx_word' id='word_1_199' title='bbox 166 4241 205 4302; x_wconf 90' lang='lat' dir='ltr'>et</span> <span class='ocrx_word' id='word_1_200' title='bbox 220 4220 476 4323; x_wconf 87' lang='lat' dir='ltr'>celeberrima</span> <span class='ocrx_word' id='word_1_201' title='bbox 495 4219 638 4297; x_wconf 82' lang='lat' dir='ltr'>domus</span> <span class='ocrx_word' id='word_1_202' title='bbox 648 4223 749 4297; x_wconf 89' lang='lat' dir='ltr'>Batti</span> <span class='ocrx_word' id='word_1_203' title='bbox 764 4221 908 4315; x_wconf 83' lang='lat' dir='ltr'>iustam</span> <span class='ocrx_word' id='word_1_204' title='bbox 917 4218 1126 4318; x_wconf 87' lang='lat' dir='ltr'>(rationem</span> <span class='ocrx_word' id='word_1_205' title='bbox 1143 4235 1183 4300; x_wconf 88' lang='lat' dir='ltr'>et</span> 
     </span>
    </p>

    <p class='ocr_par' dir='ltr' id='par_1_3' title="bbox 513 4341 1182 4434">
     <span class='ocr_line' id='line_1_32' title="bbox 513 4341 1182 4434; baseline -0.007 -17"><span class='ocrx_word' id='word_1_206' title='bbox 513 4345 516 4350; x_wconf 76' lang='grc'><strong>’</strong></span> <span class='ocrx_word' id='word_1_207' title='bbox 1060 4341 1182 4434; x_wconf 87' lang='lat' dir='ltr'>viam)</span> 
     </span>
    </p>
   </div>
   <div class='ocr_carea' id='block_1_3' title="bbox 0 0 1550 5142">
    <p class='ocr_par' dir='ltr' id='par_1_4' title="bbox 0 0 1550 5142">
     <span class='ocr_line' id='line_1_33' title="bbox 0 0 1550 5142; baseline 0 0"><span class='ocrx_word' id='word_1_208' title='bbox 0 0 1550 5142; x_wconf 95' lang='lat' dir='ltr'> </span> 
     </span>
    </p>
   </div>
  </div>
 </body>
</html>
