3092 5142
198 466 262 497 ⁹
376 489 431 565 66
553 490 557 497 ’
713 567 716 572 ,
814 486 958 593 Pythia.

374 677 534 751 virtutis
550 692 641 751 suae
659 679 885 774 aequalibus
897 692 1168 778 assequeretur
1185 709 1279 759 cum
1298 682 1385 762 aliis
1425 718 1427 731 ·

374 805 420 875 ln
442 801 593 873 Iolcum
614 823 709 872 vero
730 816 939 897 postquam
958 801 1158 877 descendit
1182 824 1389 883 nautarum*
1423 844 1427 917 i

375 919 467 996 llos:
492 921 688 995 recensuit
707 945 856 1010 omnes,
879 938 1085 1021 postquam
1103 925 1310 1016 laudasset,
1337 935 1387 1003 la«
1424 932 1427 987 l

378 1069 459 1119 son.
514 1049 563 1117 Et
580 1066 675 1115 vero
686 1059 793 1116 vates
810 1070 857 1116 ex
873 1045 1048 1143 auguriis
1065 1046 1317 1144 sortibusque
1329 1072 1386 1123 ra«
1424 1028 1426 1095 l

377 1167 552 1257 ticinans
573 1163 688 1237 sacris
719 1168 908 1263 Mopsus,
956 1191 1100 1240 nauem
1133 1167 1386 1247 conscendere

377 1287 491 1361 iussit
507 1264 719 1359 exercitum
735 1303 917 1385 promtus
937 1291 955 1384 (
962 1291 1123 1388 auguria
1141 1287 1270 1362 ¹fausta
1293 1314 1386 1364 nun·

377 1407 506 1500 tians).
559 1411 769 1503 Postquam
796 1425 929 1482 autem
953 1429 1117 1484 erostro
1137 1409 1311 1508 desuper
1333 1437 1387 1487 su·

250 1501 364 1639 Α”έχίξ
380 1526 614 1641 spenderant
629 1551 807 1601 ancoras:
860 1570 905 1585 -
959 1555 1116 1604 auream
1134 1535 1321 1609 manibus
1336 1559 1387 1609 ca-

378 1652 490 1751 piens
515 1649 685 1749 phialam
712 1649 811 1735 dux,
842 1649 886 1722 in
910 1653 1056 1751 puppi,
1086 1669 1239 1749 patrem
1266 1657 1386 1757 Coeli·

378 1788 479 1859 tum,
504 1769 798 1845 lulminatorem
809 1773 960 1859 Iouem,
983 1788 1022 1846 et
1035 1776 1177 1849 celeres
1191 1774 1386 1855 fluctuum

378 1909 670 1989 ventorumque
694 1906 826 1963 motus
850 1891 1078 1988 precabatur
1101 1911 1140 1968 et
1163 1914 1323 1988 noctes,
1352 1915 1386 1975 et

378 2016 497 2090 maris
511 2017 605 2102 vias,
635 2011 795 2108 diesque
810 2009 940 2084 felices
955 2027 994 2085 et
1011 2014 1222 2112 optabilem
1241 2019 1385 2097 reditus
1423 2024 1425 2107 l

378 2134 589 2208 fortunam.
623 2139 655 2208 E
672 2132 845 2206 nubibus
859 2158 954 2206 vero
966 2135 1004 2207 ei
1019 2137 1224 2234 respondit
1238 2144 1388 2221 tonitru·
1423 2224 1424 2231 χ

378 2255 503 2329 fausta
518 2280 613 2346 vox;
638 2253 910 2355 splendidique
927 2273 1122 2330 venerunt
1138 2261 1241 2335 radii
1258 2288 1307 2337 ex
1316 2261 1386 2338 fnl-¹

380 2382 476 2478 gure
495 2389 756 2474 erumpentes.
810 2376 1000 2448 Animum
1023 2395 1155 2456 autem
1175 2383 1319 2463 heroes
1333 2408 1385 2457 re·

269 2495 359 2565 Epod.
380 2515 567 2599 ceperunt
585 2495 649 2570 dei
653 2492 853 2598 prodigiis
870 2493 1012 2570 confisi.
1065 2540 1112 2556 -
1166 2504 1286 2577 lussit
1298 2526 1384 2577 vero
1417 2508 1424 2551 ¹

268 2579 364 2637 9Η557
379 2646 445 2697 eos
471 2618 697 2693 incumbere
716 2619 836 2691 remis
856 2616 1131 2715 prodigiorum
1157 2618 1382 2719 speculator,

285 2766 288 2772 ·
378 2741 512 2817 dulces
528 2738 702 2813 indicans
717 2744 814 2837 spe's.
867 2738 1087 2838 llemi'gatio
1103 2742 1225 2841 igitur
1242 2768 1382 2843 aspera·

378 2890 469 2937 rum
495 2886 688 2935 manuum
708 2859 840 2932 labore
860 2857 1049 2934 indefessa
1068 2865 1271 2954 successit;
1307 2869 1380 2943 No·
1420 2912 1424 2953 ,

377 2986 487 3081 tique
505 2981 661 3057 flatibus
675 2980 723 3053 ad
740 2981 856 3054 Ponti
872 2983 985 3053 Axini
1007 2986 1154 3058 ostium
1172 2987 1251 3059 acti
1266 3012 1378 3063 ,vene-
1416 3038 1423 3080 a·

375 3120 489 3192 runt;
525 3104 593 3176 vbi
616 3127 766 3177 sacrum
787 3106 977 3199 Neptuno
999 3106 1153 3179 marino
1176 3109 1377 3183 constitue·
1414 3152 1418 3165 -

375 3244 470 3301 runt
479 3226 539 3299 del
547 3225 718 3298 ubrumz-
735 3219 873 3294 fuluus
889 3223 1020 3295 autem
1031 3225 1296 3303 Thraciorum
1307 3246 1376 3302 uu·
1411 3273 1423 3326 t

374 3373 512 3421 rorum
525 3371 615 3444 grex
626 3342 772 3417 aderat
794 3342 1049 3441 diuinamque
1066 3347 1262 3447 lapideam
1272 3373 1372 3425 aram
1411 3394 1424 3450 ῃ

374 3473 420 3541 ln
435 3465 654 3568 periculum
671 3489 765 3537 vero
782 3490 901 3562 graue
918 3468 1097 3557 coniecti,
1115 3470 1283 3546 domino
1297 3495 1397 3568 sup-
1411 3501 1424 3568 q

247 3585 302 3639 Ser
318 3605 358 3641 ¹⁰·
374 3591 568 3689 plicabant
586 3587 751 3660 nauium
779 3589 1075 3684 (nauigationis)
1127 3633 1175 3646 —
1228 3608 1274 3665 vt
1296 3614 1373 3664 con·
1411 3620 1424 3686 ,1

236 3668 331 3724 57‘0
373 3710 617 3785 currentium
636 3711 830 3806 impetum
853 3711 1145 3784 ineluctabilem
1170 3712 1373 3811 effugerent
1410 3754 1423 3789 s-

372 3850 581 3933 petrarum
636 3830 822 3902 Geminae
841 3830 949 3901 enim
970 3844 1097 3916 erant,
1128 3832 1266 3942 vinae,
1300 3830 1372 3905 vol·
1410 3876 1423 3931 t.

210 3986 221 4015 ι
372 3955 643 4050 vehanturque
668 3951 900 4039 velociores,
937 3977 1056 4048 quam
1091 3951 1290 4050 grauiter·
1272 3951 1371 4026 -str‘s
1410 3998 1423 4054 Ξ

372 4077 550 4151 dentium
564 4089 774 4147 ventorum
790 4073 898 4145 acies.
952 4073 1050 4149 Sed
1040 4099 1117 4145 ram
1132 4088 1305 4147 mortem
1318 4071 1383 4145 illa'
1410 4120 1423 4172 :¹

369 4201 418 4274 iis
439 4196 711 4277 Semideorum
735 4193 934 4292 nauigatio
961 4191 1214 4268 adducebat..
1240 4195 1371 4270 Phasin
1410 4230 1419 4273 ·.·

1252 4331 1368 4392 auten
