3092 5142
374 436 425 576 ab
459 564 489 601 λ,
668 560 671 565 .
771 489 1028 595 Olympia.¹

371 686 537 759 cinctam
566 700 729 771 terrant,
754 683 1060 759 confluentibus
1094 687 1272 786 vndique
1302 715 1388 766 con.

371 810 498 882 stituit
515 805 735 905 hospitibus
754 807 976 880 columnam
992 805 1168 881 diuinam
1178 837 1188 897 ;
1206 810 1386 885 futurum

369 946 500 1002 autem
523 944 678 1026 tempus
699 925 851 1005 efficere
870 929 962 1012 hoc,
987 942 1030 999 vt
1052 927 1104 1000 ita
1125 929 1192 1017 sit,
1221 955 1273 1003 ne
1292 930 1386 1005 desi-

201 1033 204 1040 *
240 1061 307 1116 Ant
327 1075 353 1115 2
368 1054 452 1128 nat!
507 1084 550 1106 -ι
603 1050 791 1123 aDotico
817 1047 967 1149 populo
994 1072 1207 1144 possessam
1227 1051 1323 1125 inde
1343 1054 1385 1125 ab

274 1145 319 1206 3⁹
367 1178 512 1246 leaeo
502 1227 512 1260 ,
558 1195 675 1267 quem
712 1169 817 1244 filius
852 1173 1022 1244 Latonae
1057 1170 1210 1267 lateque
1247 1191 1383 1272 potens

191 1274 197 1288 ’
254 1357 266 1376 ,
298 1325 301 1331 ·
365 1299 579 1392 Neptunus
598 1293 670 1365 Ilio
691 1294 933 1388 (moenium)
954 1316 1139 1365 coronam
1156 1294 1383 1392 imposituri

319 1464 322 1471 ·
365 1416 609 1493 aduocarunt
622 1414 773 1487 socium
788 1414 930 1487 laboris
945 1414 987 1486 in
1004 1412 1239 1487 exstruendo
1255 1439 1379 1488 muro.

307 1510 311 1527 Ι
366 1538 524 1641 Quippe
554 1551 635 1608 erat
671 1532 751 1608 fato
784 1535 1061 1624 constitutum,
1103 1533 1204 1608 illud
1229 1551 1275 1607 vt
1301 1552 1406 1633 orto.

310 1659 467 1739 bello
484 1657 670 1767 vrbium·
679 1657 898 1730 vastatrices
915 1657 1018 1731 inter
1036 1680 1185 1756 pugnas
1199 1655 1379 1753 rapidum

255 1772 308 1840 ΕΡ·
323 1785 349 1826 ²·
341 1783 556 1857 exhalaret
583 1777 754 1852 fumum
816 1819 864 1832 -
928 1778 1004 1854 Sed
1034 1781 1149 1852 caesii
1167 1776 1377 1871 dracones,

272 1850 317 1916 48
363 1901 462 1977 dum
487 1898 726 1985 struebatur,
757 1895 801 1968 in
827 1920 974 1971 nouam
1000 1901 1268 1974 munitionem
1293 1900 1379 1973 insi·

361 2026 499 2099 lientes
526 2038 623 2107 trem
658 2017 739 2091 duo
771 2015 933 2115 quidem
960 2019 1213 2109 deciderunt,
1246 2021 1376 2116 ibique

331 2212 335 2221 ,
363 2145 496 2220 obtusi
517 2142 701 2241 spiritum
721 2139 962 2238 *emiserunt3
996 2165 1099 2214 vnus
1121 2166 1217 2215 vero
1242 2142 1375 2216 insiliit

336 2328 338 2335 Α
362 2267 476 2342 sibilo
492 2263 606 2338 facto
643 2260 753 2337 Dixit
769 2276 898 2334 autern
916 2284 1045 2333 coram
1061 2262 1194 2333 animo
1212 2263 1374 2336 voluens

361 2386 587 2517 prodigium
604 2384 785 2482 protinus
797 2382 954 2480 Apollo:
974 2388 1182 2481 Pergamus
1198 2408 1244 2456 ea
1258 2400 1373 2482 parte,

361 2502 558 2608 quattus,
583 2530 607 2579 o
624 2506 758 2592 heros,
792 2502 973 2582 manibus
996 2502 1155 2602 condita
1176 2520 1251 2592 est,
1278 2506 1373 2605 capi·

359 2648 444 2707 tur:
472 2632 526 2704 sic
544 2628 644 2701 mihi
663 2639 862 2699 ostentum
879 2623 1025 2698 indicat
1044 2628 1266 2702 aSaturnio
1288 2629 1373 2702 mis

249 2741 304 2799 δ”·
318 2750 343 2809 5·
359 2779 447 2829 sum
459 2750 707 2851 ¹grauistrepo
727 2751 840 2831 Ioue:
876 2789 922 2801 -
957 2747 1057 2819 ‘non
1076 2749 1158 2820 sine
1174 2745 1265 2822 filiis
1282 2750 1372 2839 tuis;

266 2822 312 2910 ῳ
359 2876 427 2952 sed
455 2898 548 2947 cum
572 2870 696 2971 primi
725 2886 764 2943 et
793 2869 922 2964 quarti
953 2855 1093 2965 gradus
1124 2872 1289 2967 posteris
1316 2897 1372 2948 res

294 2961 302 2995 ι
358 2992 552 3098 procedet.
607 2994 685 3069 Sic
711 3015 802 3065 sane
827 2988 923 3065 deus
945 2988 1086 3063 diserte
1109 2990 1301 3085 loquutus
1327 2978 1389 3064 adl

356 3120 556 3200 Xanthum
592 3111 824 3212 properabat
860 3126 898 3184 et
930 3114 1141 3184 Amazonas
1178 3128 1372 3206 equestres

355 3247 581 3335 Istrumque
603 3252 747 3310 vectus.
801 3230 986 3308 Fuscinas
1012 3254 1107 3303 vero
1133 3216 1309 3306 vibrator
1328 3230 1373 3307 ad

355 3365 548 3439 Isthmum
574 3358 772 3431 merbrum
798 3378 959 3429 currum
984 3352 1149 3425 celerem
1171 3335 1372 3453 dirigebat,

226 3485 293 3546 Ant.
314 3499 341 3554 3·
356 3486 554 3561 deducens
570 3485 739 3556 Aeacum
757 3479 838 3552 huo
855 3499 977 3549 curru
994 3499 1127 3563 aure0,
1171 3516 1219 3530 -
1272 3475 1373 3550 etad

195 3620 203 3627 '
261 3555 305 3625 63.
357 3608 536 3685 Corinthi
562 3605 723 3703 iugum,
764 3600 923 3695 visurus
950 3596 1083 3693 epulas
1108 3595 1249 3691 (sacra)
1278 3600 1375 3671 cele·

353 3730 451 3803 bres.
518 3726 627 3801 Idem
655 3745 750 3794 vero
779 3743 862 3793 non
887 3715 1076 3789 delectare
1101 3715 1199 3788 solet
1226 3742 1372 3803 omnes.

353 3852 395 3928 Si
413 3862 544 3923 tamen
563 3869 635 3945 ego
653 3839 858 3924 melesius,
884 3863 931 3910 ex
947 3836 1187 3911 imberbibus
1205 3836 1375 3939 discipu·

353 3972 421 4066 lis,
451 3966 614 4067 gloriani
640 3983 867 4062 percurram
896 3955 1070 4055 hymno,
1086 3985 1151 4032 ne
1178 3975 1283 4056 petat
1313 3987 1375 4034 mo

353 4114 490 4193 aspero
521 4084 649 4184 lapide
680 4079 845 4170 Inuidia.
882 4084 947 4169 ,Et
977 4084 1152 4152 Nemeae
1181 4080 1376 4155 enim‘re·

353 4224 557 4317 portatum
581 4207 646 4306 (ab
663 4206 734 4302 eo)
760 4203 905 4304 pariter
926 4197 1052 4273 dicam
1073 4200 1149 4275 tale
1169 4197 1311 4320 decus,
1341 4219 1378 4276 et
1422 4210 1423 4231 ³

1245 4340 1378 4422 postea
