3092 5142
784 490 978 599 Olympia.

723 916 944 989 OLYMP.
983 923 1028 993 X.

365 1092 731 1213 nonsmnno
745 1095 969 1189 Loono
985 1104 1387 1223 nrnrrurmo

794 1242 947 1322 Pugiti.

258 1398 314 1454 δ”·
329 1416 355 1453 ²·
370 1374 648 1506 Olympicum
673 1409 867 1486 victorem
891 1413 1008 1514 legite
1029 1417 1130 1490 mihi
1151 1420 1383 1494 Archestrati

368 1531 519 1621 filium,
560 1533 700 1628 quain
720 1550 831 1634 parte
850 1542 994 1612 mentis
1014 1563 1123 1614 meae
1142 1543 1313 1641 scriptus
1326 1546 1380 1618 sit.

367 1655 540 1730 Dulcem
562 1655 672 1727 enim
695 1657 733 1728 ei
756 1657 957 1755 hymnum
982 1660 1124 1735 debere
1147 1687 1212 1734 me
1238 1663 1380 1739 oblitus

368 1803 470 1851 sum.
535 1776 612 1855 Sed
638 1793 699 1865 tu,
733 1802 759 1850 o
783 1782 918 1868 Musa,
946 1798 1063 1880 atque
1085 1799 1133 1859 tu
1157 1781 1238 1856 filia
1262 1788 1377 1875 Iouis,
1413 1800 1415 1805 ’

367 1900 532 1988 Veritas,
568 1897 726 1973 vindice
746 1924 868 1974 manu
889 1918 1014 1976 arcete
1036 1902 1231 1978 mendacii
1252 1933 1378 2006 repre·

367 2021 620 2109 hensionem‚
668 2022 836 2118 quaein
860 2021 1054 2121 hospitem
1080 2024 1293 2122 deliquisse
1318 2057 1377 2104 me

240 2125 308 2183 ΑΜ·
324 2143 352 2199 9
367 2159 513 2245 arguat
566 2185 615 2199 -
676 2145 782 2214 Nam
808 2166 830 2213 e
852 2140 1072 2241 longinquo
1098 2154 1375 2246 superueniens

365 2280 607 2366 protractum
633 2279 791 2362 tempus
816 2264 946 2362 grauis
971 2262 1104 2338 delicti
1133 2269 1290 2368 pudore
1315 2299 1375 2347 me

366 2385 547 2475 suffudit;
570 2380 846 2459 verumtamen
862 2383 1012 2460 diluere
1026 2403 1153 2485 potest
1169 2412 1298 2464 acrem
1309 2393 1388 2466 ho-v

364 2508 523 2581 minum
543 2507 886 2606 reprehensionem
913 2532 1042 2581 vsura.
1107 2513 1229 2583 Nunc
1254 2507 1382 2589 calcu:

364 2629 451 2704 lum
469 2630 695 2704 volutatum
717 2651 799 2724 quo
824 2626 953 2704 undae
969 2632 1185 2729 prouoluet
1210 2629 1373 2709 fluctus?

365 2768 405 2826 et
422 2776 503 2850 quo
521 2751 775 2851 (deductum)
795 2774 869 2825 nos
885 2776 1140 2826 communem
1161 2753 1286 2849 (vrbi)
1304 2757 1372 2854 hy·

363 2899 507 2948 mnum
521 2874 737 2948 iucundam
754 2871 805 2945 ad
819 2874 981 2970 gratiam
996 2872 1379 2972 personemus?
1327 2918 1370 2932 -

234 2994 289 3071 Ep.
307 3010 350 3065 ¹7
365 2996 568 3072 Gubemat
582 2997 719 3090 vtique
741 2994 891 3068 Veritas
913 2993 1050 3068 vrbem
1071 3001 1288 3070 Locrorum
1308 3004 1372 3072 Ze·

362 3121 616 3222 phyriotum3
641 3139 834 3212 curaeque
844 3130 902 3189 est
915 3116 993 3189 1llrs
1004 3117 1370 3218 Calhopeetaeneus

361 3248 481 3319 Mars.
550 3236 719 3336 Fugauit
751 3253 883 3310 autem
910 3242 1064 3337 Cycnea
1093 3265 1226 3337 pugna
1257 3242 1370 3315 etiam

360 3365 584 3455 violentum
596 3358 820 3435 Herculem.
872 3360 1092 3460 Pugilvero
1109 3362 1370 3461 inOlympico

361 3483 573 3560 certamine
596 3473 724 3553 victor
744 3470 822 3554 Ilae
846 3497 1050 3582 acceptum
1072 3480 1171 3556 ferat
1193 3484 1371 3583 Agesida·

359 3631 469 3693 mus,
495 3620 540 3679 vt
564 3602 706 3699 Achilli
731 3602 942 3676 Patroclus.
995 3605 1148 3676 Acuens
1167 3622 1299 3678 autem
1326 3604 1371 3678 ad

359 3729 551 3802 virtutem
566 3723 707 3820 aliquis
723 3748 831 3812 eum,
842 3725 913 3821 qui
928 3738 1068 3798 natura
1083 3721 1132 3796 ad
1147 3748 1232 3797 rem
1247 3722 1370 3798 factus

359 3867 437 3939 est,
474 3847 525 3921 ad
550 3848 688 3946 ingens
713 3846 858 3955 euehet
884 3845 1108 3941 (victoriae)
1133 3844 1273 3933 decus,
1310 3846 1372 3919 dei

249 3985 306 4041 ser.
317 3998 344 4037 2.
360 3997 451 4045 cum
472 3969 629 4044 auxilio,
684 4010 731 4024 —
783 3973 834 4043 At
851 3961 1043 4065 gaudium
1068 3967 1268 4063 (victoria)
1290 3969 1372 4071 sine

267 4055 311 4113 ²⁶⁸
358 4093 491 4166 labore
512 4091 738 4203 contingere
761 4089 860 4163 solet
876 4085 1028 4186 paucis:
1055 4103 1251 4161 certamen
1268 4089 1373 4164 labo·

358 4218 511 4291 riosum
533 4237 625 4314 prae
647 4209 833 4284 omnibus
857 4222 914 4282 est
932 4206 1036 4280 ritae
1060 4206 1189 4284 decus.
1245 4216 1374 4286 Certa·

1278 4360 1371 4408 men
