3092 5142
287 528 341 608 54
481 468 484 472 Ι
512 510 516 520 ’
729 504 871 608 Pythia.
952 602 954 607 ,
988 509 990 512 ’

282 674 354 772 'Est
384 696 577 770 nimirum
607 719 729 803 genus
754 697 967 772 hominum
993 692 1300 793 stolidissimum,

286 817 358 914 qui
370 821 561 915 (quorum
578 819 760 914 quisque)
775 827 1073 921 ¹'contemnentes
1089 824 1301 916 praesentia

288 928 611 1036 circumspiciunt
625 957 787 1028 remota,
803 965 902 1013 vana
916 955 1182 1015 consectantes
1197 944 1302 1016 irrita
1333 1015 1336 1021 .

178 1055 273 1108 SM·
204 1085 366 1195 42s·p.e
421 1102 469 1116 -
523 1061 723 1135 Contraxit
750 1058 985 1135 huiusmodi
1012 1083 1197 1157 magnam
1226 1061 1303 1134 cul·

204 1131 383 1281 42pam
414 1181 575 1281 pulcre·
584 1180 745 1253 vestitae
774 1183 929 1264 animus
956 1180 1173 1255 Coronidis.
1235 1187 1303 1257 Ve-

258 1324 259 1329 ’
289 1303 435 1376 nientis
457 1304 576 1376 enim
587 1326 634 1373 ex
652 1300 813 1374 Arcadia
832 1303 1031 1402 hospitis'
1021 1328 1063 1374 m
1088 1302 1191 1375 lecto
1216 1327 1304 1376 con·

290 1420 440 1533 cubuit
492 1426 588 1498 Non
614 1436 747 1493 autern
772 1423 887 1504 latuit
913 1426 1211 1523 speculatorem.
1261 1428 1304 1498 In
1342 1464 1348 1488 ι

290 1536 473 1643 Pythone
481 1543 609 1628 enim,
622 1544 787 1616 ouium·
795 1547 1073 1619 mactatarum·
1057 1547 1304 1644 ·receptrice,

290 1664 387 1739 haec
417 1664 538 1775 sensit
566 1654 705 1760 templi
736 1689 804 1738 rex
829 1667 968 1740 Loxias
996 1666 1043 1757 ab
1074 1691 1306 1741 arcanorum

208 1850 210 1857 .
260 1784 448 1858 conscio
478 1784 758 1920 integerrim0,
787 1787 830 1859 in
852 1802 1025 1861 mentem
1054 1786 1158 1883 (sibi
1159 1786 1261 1882 id)
1250 1814 1307 1860 rn-

221 1955 223 1959 >
247 1971 248 1974 ,
291 1903 451 1993 ducens
474 1905 608 1977 omnia
630 1906 768 1981 scienti
785 1909 928 1987 animo.
979 1912 1085 1983 Nam
1107 1905 1204 1979 falsa
1225 1933 1305 1982 non

205 2053 208 2064 ·
292 2025 483 2114 admittit,
521 2014 728 2122 lalhtque
731 2053 825 2100 eum
856 2053 930 2101 nec
958 2025 1055 2100 deus
1083 2050 1156 2099 nec
1184 2027 1305 2101 homo

155 2142 232 2202 Am·
251 2156 277 2198 2·
270 2172 366 2221 ·nec
390 2145 500 2219 lactis
525 2170 598 2219 nec
624 2146 807 2222 consiliis.
860 2188 908 2202 -
959 2147 1087 2256 Etiam
1110 2163 1208 2222 tunc
1224 2175 1307 2224 sen·

199 2224 245 2284 ὥ
285 2271 394 2365 tiens
420 2268 567 2366 Ischyis
592 2261 777 2360 Elatidae,
800 2268 871 2366 qui
896 2292 1057 2366 peregre
1081 2267 1305 2374 aduenerat,

294 2391 550 2466 concubitum
573 2390 841 2489 nefariamque
860 2386 1053 2478 fraudem,
1075 2392 1183 2464 misit
1201 2417 1307 2466 soro-

292 2514 399 2600 rem,
427 2511 486 2582 ira
511 2507 708 2585 furentem
736 2501 908 2611 ingenti,
940 2511 1146 2585 Luceriam.
1201 2518 1307 2601 Nam

292 2633 343 2708 ad
366 2630 569 2708 Boebiadis
601 2631 786 2731 (paludis)
820 2633 924 2731 ripas
955 2632 1151 2710 habitabat
1181 2635 1304 2734 virgo.

293 2762 432 2832 Fatum
450 2769 582 2828 autem
600 2751 801 2841 infestum,
827 2753 875 2827 ad
894 2759 1043 2828 malum
1063 2753 1171 2851 quod
1192 2747 1307 2848 (eam)

291 2878 515 2975 impulerat,
540 2873 712 2975 perdidit
729 2900 826 2948 eam.
880 2880 930 2948 Et
944 2874 1171 2949 vicinorum
1188 2877 1306 2952 multi

248 3040 250 3043 ·
291 3001 336 3073 in
371 2999 593 3072 societatem
633 2999 726 3071 mali
766 3013 972 3070 venerunt.
1050 3001 1155 3072 Nam
1187 2997 1305 3071 simul

210 3112 216 3124 ⁴
292 3125 512 3219 perierunt;
537 3142 799 3218 magnamque
821 3117 876 3189 in·
884 3133 1020 3191 monte
1043 3119 1145 3217 ignis
1161 3145 1209 3194 ex
1226 3145 1304 3194 vno

182 3224 277 3364 fssgf·
292 3242 449 3316 semine.
465 3241 620 3313 irruens
644 3239 811 3312 vastauit
832 3238 983 3312 siluam.
1023 3282 1072 3295 -
1124 3244 1173 3313 At
1197 3256 1313 3340 poste*

291 3387 409 3461 quam
430 3377 540 3435 strue,
554 3361 596 3432 in
613 3360 741 3460 lignea
764 3359 1004 3434 collocarunt
1024 3364 1180 3460 cognati
1195 3362 1303 3460 puel·

182 3518 184 3521 ·
288 3467 381 3573 lam,
394 3484 604 3584 fulgorque
620 3480 892 3554 circumcurrit
908 3481 1119 3557 vehemens
1129 3471 1301 3569 Vulcani,

241 3683 242 3687 ,
280 3598 388 3678 'tunc
415 3582 513 3677 dixit
538 3601 696 3700 Apollo:
721 3605 818 3674 Non
839 3603 1037 3676 sustinebo
1064 3605 1222 3695 animo,
1249 3583 1303 3680 so·

290 3707 422 3801 bolem
451 3748 581 3796 meam
608 3717 770 3819 perdere
798 3721 1017 3794 miseranda
1040 3742 1190 3814 morte,
1214 3716 1303 3800 'ma-

215 3896 235 3915 .-
290 3845 371 3918 tris?
384 3845 496 3944 graui
521 3867 615 3941 cum
642 3841 817 3914 interitu.
870 3844 933 3919 Sic
957 3841 1067 3933 dixit,
1091 3872 1302 3946 gressuque

129 3982 131 3989 '
225 4055 227 4058 Α
290 3967 421 4066 primo
442 3965 681 4102 prehensum
703 3988 875 4061 puerum
896 3991 917 4037 e
936 3963 1123 4041 cadauere
1140 3969 1303 4066 eripuit;

205 4168 218 4181 ⁶
244 4146 246 4151 .
275 4086 455 4203 ardens
447 4104 579 4184 autem
605 4087 681 4185 ipsi
706 4084 925 4158 dissiluerat
941 4112 1050 4184 pyra.
1103 4092 1152 4161 Et
1169 4091 1305 4187 vtique

252 4286 253 4290 ,
291 4229 386 4287 eum
398 4210 604 4319 Magnesia
622 4204 799 4284 adferens
816 4205 977 4339 tradidit
992 4212 1201 4297 Centaum,
1218 4231 1263 4289 vr
1275 4211 1305 4282 is

269 4352 271 4357 ·
1130 4328 1310 4409 doceret.
