3092 5142
527 529 529 534 ·
643 495 802 578 Carmen
833 497 880 576 V.
987 578 989 582 .

620 890 790 995 erre.
825 893 870 972 v,
977 971 981 980 ,
1227 979 1229 983 v

238 1197 264 1222 ,
312 1034 722 1197 Anonsmao
782 1102 1178 1202 ermenero,

675 1246 818 1317 Curru.
1126 1265 1135 1286 ¹

657 1332 663 1353 t

233 1376 437 1484 Diuitias
471 1436 650 1510 magnam
681 1412 764 1484 vim
797 1411 961 1497 habent,
1000 1436 1127 1507 quum
1161 1412 1250 1510 quis
1280 1431 1335 1489 se.
1351 1451 1376 1490 ι.

234 1531 413 1605 mortalis
446 1532 594 1604 virtute
625 1524 854 1630 temperatas
886 1530 1133 1620 intemerata,
1168 1511 1249 1605 for·

233 1664 331 1723 tuna
363 1651 558 1739 tradente,
596 1651 734 1726 habeat
757 1670 828 1727 'eas
853 1651 1248 1725 multorum-amico·¹

234 1772 639 1846 rum-conciliatrices
665 1774 837 1847 comites.
902 1778 937 1846 O
962 1772 1071 1845 beate
1097 1771 1246 1843 Arcesi·

234 1888 311 1977 lae,
345 1905 392 1964 tu
414 1892 570 1987 vtique,
597 1890 643 1963 ab
670 1892 824 1968 inclitae
847 1895 979 1967 aetatis
1003 1892 1140 1992 primis
1160 1909 1246 1991 gra·

234 2008 351 2083 dibus
376 2034 519 2106 vsque,
544 2038 636 2085 cum
662 1991 873 2111 porimens
894 2007 1014 2103 tenes,
1038 2015 1243 2090 voluntate

231 2136 857 2241 aureo-currp·vectiCastoris,
892 2137 1139 2211 serenitatem
1164 2137 1242 2231 qui
1304 2230 1306 2234 ι

231 2269 319 2351 post
346 2252 551 2328 hibernam
573 2259 783 2355 procellam
809 2261 852 2331 in
878 2275 945 2333 tua
969 2256 1121 2355 fulgere
1146 2254 1261 2332 facitl
1331 2235 1334 2247 ¹

231 2373 340 2447 beata
355 2372 486 2449 domo:
516 2420 563 2431 -
590 2382 789 2475 Sapientes
806 2403 901 2452 vero
916 2380 1093 2479 pulcrius
1104 2377 1239 2475 (bene)
1253 2411 1319 2466 An„
1326 2422 1366 2480 15·

228 2494 364 2570 ferunt
398 2494 727 2572 diuinitus-datas
760 2524 864 2598 opes.
927 2490 998 2575 Te
1012 2512 1111 2571 vssero
1135 2498 1241 2570 ince-

207 2628 209 2633 ’
229 2617 388 2693 dentem
416 2620 459 2691 in
479 2619 627 2692 iustitia
643 2643 784 2718 magna
800 2619 962 2712 felicitas
978 2601 1238 2716 amplectitur,
1303 2618 1317 2645 ⁰

228 2753 314 2812 tum
329 2737 421 2833 q-uia
437 2763 504 2811 rex
519 2766 559 2815 es
576 2765 808 2845 magnarum
824 2741 996 2827 urbium,
1021 2739 1240 2833 oculusque

227 2859 458 2957 congenitus
486 2862 541 2958 (h.
559 2887 590 2967 e.
618 2863 729 2956 tuus)
756 2883 849 2958 prae
876 2884 915 2934 se
944 2860 1019 2933 fert
1051 2883 1239 2932 veneran-

225 2979 317 3054 dam
338 2981 438 3054 hanc
456 2984 693 3057 maiestatem
716 3007 807 3055 cum
829 2981 1037 3081 prudentia
1060 2990 1127 3052 tua
1146 3004 1239 3053 con.

223 3105 422 3190 iunctam3
444 3099 529 3176 turn
548 3127 644 3174 vero
666 3091 799 3176 beatus
819 3105 935 3176 etiam
957 3115 1064 3176 nunc
1086 3125 1137 3188 es,
1155 3101 1239 3200 glo-

224 3228 332 3324 riosa
361 3220 470 3318 quod
499 3223 815 3301 victoriamiam
847 3224 889 3295 in
914 3220 1109 3320 Pytliiade
1136 3225 1154 3319 (
1162 3228 1238 3319 Py·
1268 3210 1281 3261 .·

223 3346 334 3421 thico
364 3341 549 3434 sollenni)
581 3341 691 3436 equis
721 3342 884 3441 adeptus
915 3344 1055 3441 accipis
1083 3344 1238 3416 huncce
1331 3324 1333 3333 ¹

222 3465 384 3541 victoris
403 3486 589 3561 pompam
603 3460 811 3536 ducentem
829 3466 1008 3536 virorum
1025 3465 1247 3562 hymnum·
1349 3478 1353 3485 ’

222 3631 270 3649 -
325 3586 578 3684 Apollineum
606 3582 816 3671 ludicrum.
876 3582 1026 3658 Idcirco
1057 3611 1107 3658 ne
1138 3584 1337 3680 obli-Epa,

221 3709 418 3794 uisceris,
440 3708 484 3778 in
519 3710 687 3803 Cyrene,
709 3705 910 3800 'pulcrum
941 3706 1041 3780 circe
1071 3708 1235 3783 hortum
1274 3694 1320 3753 ²⁹

219 3829 398 3931 Veneris,
422 3806 658 3900 celebratum
674 3821 829 3919 (illud):-
856 3827 988 3901 omnia
1008 3826 1168 3924 quidem
1186 3827 1235 3902 ad
1277 3816 1280 3821 ¹

220 3953 344 4028 deum
370 3965 569 4021 auctorem
588 3942 742 4020 referre.
799 3945 935 4017 Amato
951 3973 1051 4021 ¹,veno
1069 3949 1242 4040 'Currhoi

219 4093 307 4152 tum
334 4073 477 4153 eximie
497 4070 598 4141 inter
620 4064 785 4136 amicos:
818 4065 886 4158 qui
910 4088 992 4138 non
1011 4067 1243 4164 Epimethei.

220 4204 356 4275 secum
378 4191 524 4268 habens
544 4184 843 4283 serossapientis
867 4181 988 4258 filiam
1008 4187 1234 4262 Excusatio„
1354 4254 1356 4256 ,

982 4343 985 4348 ·
1086 4346 1090 4352 ·
1138 4332 1232 4385 nem
1304 4326 1309 4335 ’
