3092 5142
590 510 890 593 CarmenXlll.
1025 458 1029 468 Ι
1136 541 1245 639 ,39

226 706 327 792 riam
340 705 545 804 diaulique
561 706 642 781 sole
658 729 757 792 vno;
782 726 994 800 menseque
1014 704 1087 804 ipsi
1104 693 1246 779 eodem

225 830 371 927 asperis
395 831 555 903 Athenis
574 831 648 902 tria
674 852 764 900 sane
788 810 968 898 laborum
988 826 1249 922 praemiare.

224 949 288 1024 lox
306 949 394 1022 dies
413 950 672 1025 circumdedit
687 945 924 1044 pulcerrima
941 947 1075 1019 comis.
1114 988 1159 1001 —
1176 930 1179 934 ⁵
1197 953 1243 1021 In
1258 966 1348 1037 Ερρᾰ.

223 1071 488 1166 Hellotiisque
500 1074 652 1170 septies.
691 1075 736 1142 In
751 1065 1020 1139 mari-cinctis
1034 1069 1242 1164 (Isthmiis)
1258 1035 1336 1104 Μὰ
1379 1074 1382 1079 ’

222 1207 358 1267 autem
381 1191 562 1288 Neptuni
584 1187 879 1274 certaminibus,=
908 1190 1243 1264 Ptoeodorocum
1355 1193 1358 1199 ’

221 1302 348 1412 patre,
372 1313 505 1411 plures
524 1328 562 1385 et
579 1313 796 1410 praeclarae
811 1308 944 1383 laudes
964 1334 1058 1383 eum
1079 1334 1243 1404 sequen·

220 1449 299 1508 tur.
371 1436 535 1535 Quoties
572 1433 687 1505 etiam
719 1432 887 1531 Delphis
914 1430 1077 1517 vicistis,
1119 1429 1244 1532 inque·

222 1555 325 1628 saltu
345 1555 487 1628 leonis!
513 1553 731 1651 (Nemeae).
787 1560 902 1630 Certo
924 1578 1014 1626 cum
1037 1551 1173 1623 multis
1191 1549 1241 1624 de
1291 1584 1299 1597 ·

221 1672 509 1763 multitudine
499 1700 541 1748 1n
557 1675 618 1747 his
634 1656 828 1771 praeclare
844 1690 972 1774 gestor
976 1697 1064 1759 um;
1090 1687 1134 1743 vt
1149 1695 1240 1744 sane

221 1796 381 1893 liquido
403 1812 486 1869 non
510 1794 643 1906 norim
669 1818 868 1885 recensere
892 1793 1140 1867 marinorum
1166 1792 1241 1865 cal-

221 1920 407 1993 culorum
431 1900 656 2004 numerum.
710 1955 757 1969 -
811 1918 904 1990 Stat
915 1940 1011 1988 vero
1036 1938 1131 1988 suus
1158 1915 1239 1986 cui
1224 1903 1348 2040 Ἢ·

222 2064 302 2137 que
328 2065 387 2112 rer
375 2037 569 2124 modae,
601 2036 714 2109 cuius
739 2036 1080 2134 opportunitatem
1096 2017 1240 2109 intelli-

222 2186 335 2262 gere,
362 2162 559 2271 optimum
584 2173 650 2232 est.
706 2159 815 2260 Quin
841 2182 913 2255 ego
939 2157 1118 2255 priuatus
1141 2157 1240 2253 (pri-

222 2285 304 2356 1111
327 2281 501 2354 hominis
525 2276 711 2354 laudandi
731 2281 881 2371 caussa)
901 2303 1139 2378 progressus,
1165 2304 1240 2375 pu·

224 2402 326 2477 blice
326 2399 679 2504 prudentiamque
700 2398 897 2473 laudando
918 2404 1134 2487 maiorum,
1135 2398 1239 2480 bel·

222 2523 353 2622 laque
379 2522 537 2596 heroica
574 2524 723 2597 virtute
758 2522 912 2620 (gesta)
951 2547 1034 2595 non
1071 2521 1239 2595 mentiar
1291 2520 1293 2525 ’
1360 2529 1362 2532 ’

223 2649 337 2743 (1111
367 2643 553 2740 narrabo)
587 2643 637 2719 do
667 2641 875 2719 Corintho:
911 2641 1125 2742 Sisyphum
1152 2642 1240 2738 qui·
1310 2654 1312 2659 '

224 2763 317 2840 dem
345 2764 659 2837 sollertissimum
685 2761 857 2850 artificiis
879 2778 923 2835 vt
945 2761 1065 2836 deum
1074 2790 1084 2850 3
1111 2778 1149 2839 et
1173 2784 1249 2859 pa··

201 2919 204 2924 ·
223 2902 283 2961 tre
310 2885 441 2958 inuito
465 2900 667 2982 parantem
688 2886 845 2982 nuptias
865 2884 938 2957 sibi
955 2883 1152 2972 Medeam,
1173 2904 1240 2956 na·
1304 2973 1308 2980 .

223 3009 296 3082 111.
314 3006 568 3080 seruatricem
598 3009 723 3102 Argus
754 3022 792 3078 et
823 2997 1071 3079 vectorumz‘
1100 3048 1149 3063 -
1201 3020 1239 3078 et
1253 3010 1320 3064 Art·
1338 3024 1364 3078 s·

224 3126 429 3226 quomodo
463 3129 560 3201 olim
593 3125 747 3199 fortiter
780 3142 869 3200 ante
898 3125 1076 3201 Dardani
1101 3151 1239 3199 muros
1289 3089 1333 3148 ⁷&

225 3249 301 3322 visi
335 3264 426 3325 sunt
457 3249 500 3319 in
526 3265 732 3343 utramque
749 3261 909 3343 partem
935 3271 1160 3345 pugnarum
1184 3245 1245 3327 fa„

227 3395 320 3444 cere
337 3363 499 3455 exitum,
511 3369 622 3441 alteri
645 3362 807 3463 quidem
830 3392 922 3441 cum
942 3369 1239 3467 progeniecara

227 3491 353 3578 Atrei,
393 3490 582 3563 Helenam
617 3502 836 3585 repetentes
848 3494 860 3574 ;'
898 3489 1009 3561 alteri
1042 3512 1138 3575 vero
1171 3489 1240 3585 (in
1327 3544 1334 3551 .

226 3605 492 3686 Troianorum
529 3600 700 3710 agmine)
743 3611 854 3680 omni
892 3636 967 3708 ope
990 3609 1254 3726 ‘resistentem'

221 3733 546 3839 ,οι-[1111111111
575 3730 768 3803 Glaucum
797 3729 1071 3806 aduenientem
1098 3731 1242 3803 timue,

225 3870 321 3947 runt
346 3851 492 3938 Danai:
528 3846 715 3926 aduersus
742 3875 841 3946 quos
868 3850 1028 3948 quidem
1053 3851 1242 3951 gloriaba-

213 3958 311 4064 tur,
353 3975 399 4063 in
427 3973 524 4048 vrbe
553 3971 711 4044 Pirenes
741 3972 862 4076 patris
893 3971 1241 4087 (Bellerophontis)

225 4083 393 4195 regnum
426 4109 465 4166 et
495 4114 653 4190 magnas
681 4113 773 4190 opes
802 4115 899 4181 esse
913 4115 956 4163 ac
982 4089 1149 4171 domum
1175 4089 1244 4165 aui
1328 4172 1330 4176 ,

227 4218 310 4308 sui,
366 4257 414 4272 -··
467 4215 538 4314 qui
563 4213 849 4367 serpentigeme
872 4209 1000 4291 tilium
1023 4211 1121 4289 olim
1145 4214 1242 4312 Gor·
1255 4214 1346 4287 spot

1129 4330 1243 4435 gonis
1272 4294 1352 4379 5¹89·
