3092 5142
534 452 716 553 ‘Carmeli
746 469 794 549 V.
935 424 939 433 Ι
1123 445 1223 571 ις’

155 671 341 753 eximiam
364 669 490 744 victor
516 663 776 764 comparauit,
809 678 848 738 et
872 685 992 741 suum
1020 681 1171 763 patrem

156 802 351 869 teronem
377 788 635 890 proclamauit
661 801 699 858 et
723 809 856 859 recens
881 787 1091 860 habitatam
1115 814 1172 863 se·

158 915 259 988 dem.
314 955 361 967 -
414 904 585 986 Rediens
603 922 733 979 autem
753 904 944 980 Oenomai
963 925 1001 981 et
1017 909 1172 1009 Pelopis
1186 914 1299 972 Ant-20·

160 1037 204 1110 ab
222 1031 455 1108 amabilibus
477 1025 631 1101 sedibus
647 1040 784 1113 tuum,
811 1050 836 1099 o
855 1027 987 1116 Pallas,
1010 1030 1172 1104 vrbium

160 1147 437 1240 conseruatrix,
454 1149 621 1233 illustrat
640 1169 794 1224 sacrum
811 1146 959 1237 lucum,
979 1140 1172 1225 fluuium.

160 1303 237 1374 que
261 1281 437 1359 Ouium,
464 1263 707 1369 patriamque
732 1262 938 1365 paludem,
966 1294 1172 1369 sacrosque
1240 1295 1243 1302 ’

161 1392 319 1483 alueos,
332 1391 516 1489 Hipparis
533 1414 603 1487 per
622 1411 721 1484 quos
741 1389 871 1464 labens
892 1417 1009 1487 aquas
1030 1418 1171 1493 suppe-

162 1519 257 1593 ditat
282 1514 455 1616 popul0,
503 1510 712 1606 educitque
739 1515 958 1607 (Psaumis)
994 1516 1171 1589 celeriter

164 1638 359 1715 stabilium
372 1633 529 1731 aedium
546 1618 830 1719 altamsiluam,
849 1626 1017 1708 ererum
1036 1638 1170 1735 inopia
1229 1722 1232 1728 Ι

166 1761 334 1834 euehens
349 1755 398 1830 ad
415 1753 711 1854 prosperitatem
731 1752 884 1826 huncce
903 1757 1099 1854 populum
1118 1757 1171 1830 ci·

131 1872 134 1883 ’
168 1884 285 1956 vium.
340 1884 501 1976 Semper
519 1874 680 1973 quidem
702 1873 745 1947 in
767 1878 917 1976 magnis
941 1877 1043 1951 ausis
1061 1877 1171 1961 labor

172 2019 396 2098 sumtusque
418 2014 564 2074 certant
584 1998 627 2070 in
653 1996 857 2075 subeundo
883 2025 1000 2101 opere
1019 2001 1172 2101 pericu·
1257 1984 1261 1997 ’

172 2126 214 2198 lis
232 2139 353 2231 tecto;
405 2122 480 2198 Sed
509 2122 578 2218 qui
600 2121 700 2197 bene
725 2149 809 2198 reni
834 2138 993 2225 gerunt,
1021 2124 1173 2222 sapien·

175 2263 222 2322 tes
243 2243 366 2318 iidem
394 2242 547 2337 ciuibus
576 2242 771 2318 videntur.
826 2287 872 2301 -
926 2249 1173 2322 OSeruator
1185 2275 1238 2351 Ep.
1253 2288 1298 2350 59·
1348 2248 1350 2253 ’

179 2370 214 2441 in
231 2370 314 2441 altis
337 2356 508 2439 nubibus
532 2366 700 2462 Iupiter,
731 2366 1037 2463 Saturniumque
1061 2368 1172 2470 inha-
1293 2398 1296 2405 ·

131 2512 150 2546 ··
182 2480 290 2566 bitans
317 2488 478 2578 collem,
512 2488 704 2582 tuensq'ue
727 2489 923 2585 Alpheum
948 2489 1022 2563 late
1045 2486 1172 2566 fluen-

183 2626 265 2699 tem,
296 2608 536 2702 Idaeumque
565 2622 718 2680 sac1·um
740 2623 917 2697 antrum,
952 2608 1001 2682 ad
1022 2627 1060 2684 te
1081 2637 1189 2711 sup.

185 2732 257 2829 plex
278 2731 397 2804 venio
415 2724 551 2825 Lydiis
571 2725 778 2801 modulans
802 2728 928 2816 tibiis,
948 2733 1171 2830 petiturus,

188 2866 220 2926 vt
241 2852 376 2925 vrbem
404 2848 504 2920 hanc
533 2847 701 2920 strenuis
729 2849 826 2921 viris
862 2849 1005 2928 inclitis
1038 2880 1152 2930 ornes
1160 2883 1172 2947 ;
1203 2833 1205 2837 Ι

158 2987 222 3055 μη
241 2987 274 3045 et
302 2990 365 3059 tu,
404 2968 610 3066 Olympice
635 2970 780 3058 victor,
815 2973 1029 3069 Neptuniis
1059 2976 1172 3077 equis
1329 3070 1331 3074 ι

189 3082 338 3186 gaudens
359 3087 500 3163 fruaris
522 3091 718 3164 senectute
737 3087 786 3165 ad
806 3085 932 3163 fiuem'
946 3092 1049 3168 vitae
1069 3113 1173 3170 tran·
1218 3178 1220 3183 ¹
1342 3139 1346 3147 ·
1402 3156 1405 3165 .

131 3257 166 3303 2..
191 3213 306 3305 quilla,
340 3209 450 3300 filiis,
486 3237 510 3284 o
534 3213 711 3299 Psaumi,
747 3208 995 3288 adstantibus.
1067 3223 1173 3295 Bene

131 3314 168 3435 q:
191 3335 415 3435 constitutam
449 3349 579 3407 autem
614 3335 647 3404 si
682 3332 768 3429 quis
802 3330 1027 3411 felicitatem
1046 3339 1173 3432 habet,

131 3472 168 3544 i-?
192 3448 364 3526 abundans
395 3455 556 3552 opibuS,
593 3452 831 3550 laudemque
853 3457 1014 3556 insuper
1039 3485 1174 3536 conse·

140 3610 168 3666 0:
194 3589 326 3664 quutus,
354 3575 388 3650 is
412 3601 463 3651 ne
485 3592 632 3651 temere
655 3592 815 3671 quaerat
840 3575 937 3652 deus
962 3574 1058 3655 fieri.
1147 3664 1151 3671 ,

966 4313 1173 4391 OLYMP.
