3092 5142
789 479 956 595 Nemeu
1016 575 1019 579 q
1121 587 1125 601 Ι

507 926 531 945 ¹.
629 804 632 809 '
740 814 999 955 NEMVIL¹

437 1057 749 1150 sosani
804 1057 1300 1177 Anernnrnu

564 1209 658 1274 Inter
678 1228 796 1290 pueros
813 1211 1022 1294 quinquertio
1044 1211 1177 1274 victori.

141 1440 149 1455 κ
250 1433 306 1492 ser.
320 1453 344 1494 1,
360 1363 422 1474 Ο
440 1393 613 1484 Lucina,
639 1392 811 1485 assidens
835 1393 964 1470 Parcis
989 1390 1275 1492 prudentibus,
1300 1391 1378 1469 filia

358 1516 645 1618 praepotentis,
675 1511 791 1604 audi,
821 1517 1008 1604 Iunonis,
1035 1516 1206 1619 genitrix
1232 1515 1377 1603 libero-

357 1664 462 1715 rum.
532 1638 687 1737 Absque
718 1651 758 1710 te
789 1659 873 1711 non
906 1637 1059 1727 lucem,
1100 1614 1184 1713 uon
1204 1638 1377 1736 nigram

358 1759 528 1849 contuiti
550 1774 726 1847 noctem,
747 1773 863 1832 ¹tuam
886 1781 1061 1834 sororem
1084 1759 1212 1837 sortiti
1237 1757 1377 1835 fuisse·

357 1907 449 1957 mus
475 1873 826 1982 pulcrimembrem
850 1880 1114 1955 iuuentutem.
1174 1879 1377 1978 spiramus

272 1985 273 1988 Ἴ
357 2018 489 2111 antem
506 2022 745 2078 nonomnes
764 2003 851 2102 pari
869 2001 1113 2078 conditione:
1138 1999 1208 2076 aed
1223 1999 1376 2077 disiun-

159 2148 165 2179 ἱ
271 2174 273 2178 2
357 2120 416 2226 git
440 2121 513 2205 fati
538 2125 680 2225 iugum
709 2123 833 2197 alium
859 2123 948 2198 alio.
1003 2129 1096 2200 Tuo
1122 2147 1218 2198 vero
1243 2124 1375 2224 auspi·

356 2247 420 2323 cio
450 2243 706 2328 etiarnlfilius
730 2245 962 2321 Thearionis
979 2245 1143 2320 ,virtute
1175 2242 1374 2321 indicatus
1402 2251 1404 2256 ’

228 2436 235 2444 .
355 2369 501 2445 nobilis
523 2382 697 2443 cantator
714 2367 1013 2468 Sogenesinter
1034 2366 1373 2465 quinquertiones.

229 2502 402 2591 ΑΜ-
456 2492 563 2566 Nam
592 2488 730 2565 vrbem
755 2503 891 2563 cantus
904 2531 922 2548 ·
936 2486 1374 2565 studiosam-inhabitat

354 2611 759 2710 basta-strepentium
789 2596 1055 2685 Aeacidarum.
1115 2606 1239 2685 Valde
1275 2635 1373 2686 vero

355 2736 524 2836 cupiunt
540 2733 808 2832 experientem
821 2716 866 2806 'se
882 2731 1093 2806 certamine
1105 2732 1373 2831 (experiundo

347 2893 353 2943 ,⁴
399 2854 584 2948 stamina)
618 2854 799 2928 animum
829 2875 1017 2926 exercere.
1079 2852 1120 2928 Si
1151 2878 1250 2928 vero
1284 2857 1372 2952 quis

264 3050 268 3057 ,
316 2879 399 3075 &K
425 2972 609 3050 certando
643 2969 736 3047 felix
766 2969 908 3062 fuerit,
942 2971 1134 3047 mellitam
1164 2979 1371 3051 materiem

145 3110 148 3116 '
245 3132 248 3137 ·
345 3082 453 3173 ''nuis
469 3097 679 3181 Musarum
701 3093 870 3192 praebet„
911 3098 1092 3194 ‚Magnae
1115 3096 1223 3168 enim
1244 3098 1369 3172 virtu·

354 3234 412 3293 tes
440 3216 647 3316 caliginem
671 3219 838 3315 multam
863 3216 1026 3306 habent,
1067 3216 1100 3290 si
1124 3217 1287 3316 hymnis
1313 3245 1372 3299 εει,

353 3353 483 3428 reant3
514 3335 702 3432 factisque
727 3336 933 3437 praeclaris
961 3336 1166 3435 speculum
1194 3341 1368 3430 (contin-

353 3459 469 3562 gere)
493 3458 684 3533 nouim'us
704 3459 822 3531 vnico
849 3455 991 3546 mod0‚
1027 3458 1063 3533 si
1084 3462 1371 3560 Mnemosynes.

263 3581 266 3585 ’
353 3581 558 3687 voluntate
583 3576 974 3678 splendide-vittatae
996 3580 1201 3682 inuenerit
1227 3583 1371 3680 aliquis·

353 3701 526 3802 praemia
551 3699 733 3774 laborum
761 3701 906 3774 inclitis
935 3703 1154 3776 carminum
1178 3703 1362 3779 cantibus.

331 3866 403 3932 ⁸-
445 3822 644 3921 Sapientes
669 3842 765 3892 vero
788 3822 972 3918 (nauium
991 3823 1291 3923 gubernatores)
1305 3824 1379 3901 fu·'

354 3960 493 4021 turum
514 3940 779 4043 perendinum
805 3958 971 4017 ventum
996 3961 1085 4018 ante
1111 3961 1362 4044 cognoscunt,

353 4092 501 4164 neque,
527 4065 639 4138 lucro
658 4063 778 4161 (lucri
799 4062 945 4157 studio)
972 4067 1187 4165 negligunt.
1218 4068 1364 4140 ‚Diues

352 4211 580 4291 pauperque
596 4187 735 4262 mortis
751 4183 803 4260 ad
824 4185 1049 4285 sepulcrum
1068 4185 1248 4260 tendunt.
1282 4192 1363 4287 Ego

1268 4332 1363 4385 vero

211 3910 213 3915 ·
224 3875 329 3952 funs
