3092 5142
347 494 351 502 ’
476 502 691 586 'Carmen
719 504 789 595 lV.
982 581 986 589 .
1115 518 1166 612 65

149 703 251 777 rime
272 699 371 775 naui
395 699 592 799 suscipere
618 700 916 800 profectionem.
978 705 1098 778 Hunc
1123 721 1170 782 tu

147 826 326 900 laborem
341 836 478 921 sponte
497 819 660 920 perfice,
693 835 782 895 tum
807 821 881 895 tibi
901 825 1170 902 monarchiam
1200 809 1203 813 ’
1238 889 1240 892 ,

149 963 187 1022 et
203 968 376 1045 regnum
395 944 485 1017 iuro
504 968 569 1016 me
587 939 841 1030 traditurum,
866 939 1027 1018 firmum
1044 947 1171 1024 iusiu-

148 1067 322 1143 randum
345 1066 423 1164 (is,
448 1045 661 1163 perquem
692 1081 821 1138 sancte
851 1065 1032 1161 iuratur)
1061 1070 1169 1144 testis

149 1181 249 1265 adsit
289 1203 471 1262 nostrum
501 1187 660 1282 vtrique
689 1186 840 1284 Iupiter
870 1186 1058 1285 genitalis,
1121 1194 1168 1265 In
1262 1252 1266 1258 .

149 1328 311 1414 pactum
343 1309 418 1383 hoc
449 1307 519 1382 vbi
542 1301 852 1394 ¹conuenissent,
894 1302 1163 1385 discesserunt.

149 1438 197 1509 At
214 1438 331 1507 Iason
345 1432 428 1532 ipse
444 1429 523 1501 i'am
575 1468 623 1483 -·
642 1418 658 1485 ,¹
674 1425 859 1517 incitabat
879 1451 1090 1525 praecones
1103 1435 1166 1507 -in-

149 1570 318 1630 stantem
333 1550 625 1649 nauigationem
647 1562 691 1620 vt
707 1546 990 1636 denunciarent
1006 1553 1163 1651 vbique.
1180 1558 1247 1615 Ant.
1263 1564 1292 1629 a

151 1675 292 1755 Statim
306 1698 403 1747 vero
426 1671 601 1751 Satumii
620 1667 728 1743 Iouis
753 1664 826 1739 filii
847 1682 925 1767 tres
947 1646 1167 1772 nigrisque.
1203 1645 1265 1700 ³⁰²·

151 1795 558 1897 superciliis-ornatae
573 1789 778 1864 Alcmenae
790 1787 996 1890 Ledaeque
1007 1774 1167 1872 inuicti.

150 1933 388 2019 pugnatores
401 1928 610 2000 venerunt,
635 1910 798 2007 duoque
812 1911 1058 1990 alte-comati
1074 1919 1164 2008 viri,

151 2038 337 2137 Neptuni
357 2036 528 2123 soboles,
560 2033 725 2108 reueriti
749 2027 935 2130 (Iasonis)
962 2035 1165 2127 virtutem,

151 2184 251 2256 eque
267 2157 367 2256 Pylo
382 2173 421 2230 et
437 2182 458 2230 a
471 2157 746 2258 promontorio
760 2160 956 2241 Taenaro;
977 2178 1165 2254 quorum,

150 2261 534 2378 Euphemi-quidem
557 2293 724 2374 tuaque,
749 2300 774 2349 o
795 2274 1064 2374 Periclymene
1085 2275 1167 2351 for·

152 2402 318 2490 tissime,
340 2400 467 2500 'gloria
485 2397 650 2500 insignis
677 2398 766 2496 (hac
786 2394 1053 2496 expeditione)
1077 2399 1165 2473 red·

153 2522 233 2596 dita
259 2536 341 2596 est:
404 2520 585 2619 Apolline
610 2544 705 2594 vero
731 2533 869 2606 natus,
917 2520 1166 2597 citharoedus
1198 2506 1200 2511 ¹

131 2670 134 2675 ’
152 2637 374 2739 carminum
398 2658 528 2740 pater,
565 2643 721 2715 accessit
740 2638 922 2716 laudibus
949 2643 1074 2716 clarus
1094 2648 1167 2718 Or·

149 2767 288 2863 pheus.
344 2804 390 2819 -
436 2749 567 2836 'Misit
592 2786 713 2861 porro
738 2762 971 2838 Mercurius·
990 2788 1166 2837 auream·
1179 2779 1269 2854 Epor.

148 2888 488 2985 virgam-gestans
509 2881 612 2958 duos
637 2882 738 2958 filios
765 2882 815 2957 ad
834 2881 1034 2959 difficilem
1060 2850 1275 2960 labo-⁸⁵¹⁶·

142 3028 243 3095 rem,
269 3030 395 3121 vuum
411 3006 640 3093 Echionem,
662 3005 849 3078 iuuentae
866 3005 1003 3105 vigore
1015 3006 1165 3104 plenos,
1266 3052 1270 3061 ·

138 3131 318 3204 alterum
339 3131 539 3226 .Erytum;
579 3126 715 3200 statim
737 3139 889 3213 autem,
921 3123 970 3198 ad
1000 3127 1166 3225 Pangaei

137 3249 296 3324 montis
313 3247 461 3323 radices
477 3247 704 3334 habitantes,
720 3261 926 3320 venerunt.
980 3252 1165 3322 Promtus

137 3374 267 3448 etiam
281 3372 414 3444 animo
432 3350 586 3445 lubenti
606 3371 684 3443 cito
698 3368 865 3440 armauit
881 3364 998 3443 Zeien
1015 3371 1166 3444 Calain·

136 3518 317 3593 querere
334 3510 568 3583 ventorum,
593 3506 703 3591 pater
726 3494 887 3577 Boreas,
922 3491 1028 3564 viros
1047 3493 1163 3565 ambo

135 3613 215 3687 alis
239 3627 348 3710 terga
368 3611 818 3711 horrentes‘purpureis.
884 3609 1083 3693 Hoccead
1102 3613 1163 3685 in·
1245 3651 1254 3715 ι·

133 3730 719 3833 flectendos·animos-potens
751 3730 866 3805 dulce
896 3733 940 3804 in
960 3719 1164 3810 >Semideis

134 3852 389 3928 desiderium
421 3848 608 3929 accendit*
627 3858 729 3927 Iuno
781 3897 828 3909 -
880 3855 993 3928 nauis
1016 3859 1162 3955 Argus:
1176 3864 1230 3917 Str·
1243 3883 1271 3938 9·

133 3974 307 4070 nequis
332 3960 490 4051 relictus
515 3973 787 4077 periculorum
814 3991 1031 4074 expertem,
1055 3978 1162 4077 apud
1193 3949 1256 4010 ³²⁹⁹

135 4112 313 4171 matrem
348 4112 541 4185 maneret,
573 4097 697 4170 vitam
729 4093 899 4184 fouens}
931 4099 999 4172 sed
1028 4116 1073 4173 vt
1095 4101 1167 4173 vel·
1288 4162 1290 4166 .

134 4220 285 4293 mortis
295 4244 387 4294 cum
399 4219 577 4318 periculo
588 4233 864 4293 ornamentum
875 4217 1162 4316 pulcerrimum
1239 4268 1249 4282 ι

188 4365 285 4421 Pran-
300 4367 390 4422 Carm.
409 4366 439 4422 V
437 4368 473 4423 ol.
484 4368 522 4423 Π.
689 4343 722 4414 Ε
837 4415 839 4418 ,
1001 4340 1161 4416 Virtutis
