3092 5142
584 505 742 586 Carmen
772 498 877 583 VIII.
1135 609 1137 615 Ι
1178 519 1231 611 79

216 703 424 790 educasse,
459 718 642 795 acresque
661 694 1002 771 excellentissimos
1022 692 1160 766 heroas
1184 689 1234 763 ad

219 848 394 925 pugnam
447 864 493 877 -
547 845 627 918 quo
654 819 817 892 nomine
842 818 957 895 ,etiam
982 816 1084 887 inter
1105 813 1233 888 homi·
1248 800 1360 943 Α’ἐὲἳ·

219 970 288 1021 nes
311 928 522 1042 conspicua
545 954 611 1012 est.
654 926 778 1014 ‘Mihi
802 964 897 1013 vero
920 963 1003 1017 non
1030 951 1138 1007 vacat
1160 951 1235 1008 tra·

223 1067 315 1141 dere
347 1087 509 1139 omnem
534 1061 652 1156 (hanc
679 1058 861 1153 laudum)
886 1058 1149 1155 prolixitatem
1175 1058 1235 1155 ly·
1263 1049 1266 1057 ’

223 1209 369 1283 raeque
394 1198 434 1257 et
465 1186 596 1256 cantui
621 1181 756 1268 rnoIIi²
790 1202 842 1251 ne
866 1176 1067 1252 fastidium
1099 1188 1260 1278 super·'

224 1307 389 1382 veniens
410 1304 621 1405 molestum
648 1303 713 1383 sit:
748 1300 868 1404 Quod
890 1325 984 1373 vero
1009 1299 1236 1399 antepedes

223 1429 326 1505 mihi
359 1442 418 1501 est
449 1425 735 1524 praeclarorum
765 1423 987 1497 facinorum
1019 1425 1236 1497 recentissi-

225 1571 339 1623 mum
365 1545 542 1622 debitum
568 1561 705 1633 tuum,
735 1569 902 1644 opnor,
940 1542 1124 1642 procedat
1148 1565 1236 1616 cur·

226 1695 329 1758 rens,
351 1693 438 1743 mea
453 1682 534 1742 arte
553 1668 698 1740 uolans.
749 1706 796 1722 -
847 1669 969 1738 Lucta
986 1667 1092 1738 enim
1110 1691 1235 1739 auun-
1249 1649 1340 1794 {23⁶¹

227 1791 413 1865 culorum
438 1787 610 1886 vestigiis
635 1786 832 1874 insistens,
874 1812 1005 1882 neque
1029 1789 1236 1886 Olympiae
1261 1806 1265 1813 ·

226 1915 421 1987 victorem
442 1910 716 2008 Theognetum
739 1905 946 1980 dedecoras
968 1932 1096 2004 neque
1113 1887 1237 1982 ¹Clito·

226 2035 357 2108 machi
378 2031 585 2106 victoriam
603 2034 646 2103 in
668 2029 815 2104 Isthmo
832 2018 1237 2107 membris-robustis-

228 2171 475 2256 reportatam.
531 2158 685 2250 Angens
707 2175 802 2224 vero
826 2151 989 2248 gloriam
1015 2153 1140 2227 tribus
1157 2153 1238 2227 Mi·
1353 2165 1355 2169 ’

229 2273 468 2374 dylidarum‚
493 2271 650 2344 laudem
668 2287 839 2368 reportas
857 2272 977 2361 illam,
1004 2296 1122 2369 quarn
1140 2274 1237 2347 olim

231 2397 356 2481 Oiclei
372 2392 474 2468 filius
493 2391 786 2491 (Amphiaraus)
802 2392 1063 2488 subindicauit
1083 2395 1239 2493 praeui-

231 2517 328 2592 dens
358 2513 405 2587 ad
439 2515 670 2614 septiportes
700 2512 851 2597 Thebas
886 2511 987 2588 filios
1019 2532 1239 2590 constanter

230 2654 412 2740 vrgentes
429 2634 598 2723 bellum,
644 2676 690 2740 -ss
743 2657 868 2730 quum
886 2637 996 2735 Argis
1013 2639 1156 2712 iterum
1173 2638 1240 2737 (ad
1254 2623 1349 2765 Ἢ·

231 2753 515 2861 oppugnandas
537 2755 706 2849 Thebas)
731 2758 927 2831 venissent
951 2760 1126 2858 Epigoni.
1179 2764 1242 2836 Sic

231 2895 366 2955 autem
387 2876 503 2952 dixit:
530 2876 855 2976 inpugnantibus
875 2896 1013 2955 natura
1030 2872 1242 2980 generosus

231 2999 416 3076 elucescit
452 3013 609 3097 patrum
644 2999 688 3071 in
722 2994 812 3069 filiis
846 3001 1012 3075 animus.
1080 3008 1243 3077 lntueor

232 3135 364 3222 aperte
381 3119 603 3195 Alcmanem
622 3117 828 3192 draconem
846 3123 1002 3196 varium
1021 3148 1181 3197 corusco
1198 3124 1243 3196 in

233 3246 362 3342 clipeo
382 3257 619 3329 versantem,
642 3241 834 3338 (clipeum
857 3231 1056 3317 maculoso
1075 3244 1243 3318 dracone

229 3365 446 3464 insignem)
471 3363 644 3461 prImum
670 3363 790 3454 (inter
811 3364 961 3460 primos
982 3366 1250 3463 pugnantem)

233 3487 282 3561 ad
299 3484 437 3560 Cadmi
454 3496 593 3582 portas.
631 3523 675 3536 -
712 3486 779 3571 At',
801 3481 969 3587 afflictus
985 3487 1110 3582 priori
1124 3487 1244 3577 clade,
1259 3500 1328 3555 Ant.
1343 3513 1370 3568 3·

232 3631 342 3680 nunc
363 3605 424 3701 (in
441 3604 712 3703 Epigonorum
733 3601 854 3697 bello)
872 3602 1067 3680 faustioris
1087 3624 1246 3683 tenetur
1291 3570 1336 3639 63.

233 3728 396 3826 augurii
414 3726 558 3800 nuntio
579 3724 762 3823 Adrastus
780 3725 914 3799 heros:
931 3729 1011 3799 etsi
1033 3727 1246 3805 domestica
1360 3719 1364 3727 ¹

234 3846 399 3930 aduersa
431 3845 591 3920 fortuna
627 3860 767 3920 vtetur.
838 3844 953 3921 Solus
983 3850 1089 3922 enim
1120 3877 1142 3924 e
1167 3857 1246 3927 Da·
1273 3841 1276 3849 ¹

234 3952 411 4065 n'aorum
438 3969 630 4054 exercitu,
668 3964 878 4041 interfecti
898 3971 1049 4044 ossibus
1076 3974 1247 4048 collectis
1325 3956 1328 3967 ¹

235 4087 325 4178 filii,
352 4089 577 4188 (Aegialei)
603 4088 955 4164 numinedeorum
977 4091 1120 4173 redibit
1140 4120 1247 4168 exer.

236 4212 317 4288 citu
346 4234 438 4285 cum
464 4211 656 4283 incolumi
691 4252 756 4295 Ι--
809 4207 858 4282 ad
880 4210 1040 4298 Abantis
1060 4215 1248 4314 spatiosos
1261 4213 1353 4286 Etr-⁵

1031 4418 1034 4426 ,
1101 4327 1104 4335 ’
1139 4336 1247 4412 vicos
1293 4297 1337 4351 ⁷⁷⁶
