3092 5142
622 488 782 567 Carmen
804 462 843 570 l.
984 588 989 605 ‚
1185 509 1235 584 45

220 688 479 786 Parnassique
509 670 659 759 fontem
693 681 904 756 Castalium
922 772 926 781 Ι
942 702 1095 767 amans,
1144 679 1241 753 velis

225 795 322 886 haec
336 812 431 907 (hoc
450 809 587 901 omen)
605 807 738 878 animo
758 825 960 899 reponere,
985 813 1023 870 et
1043 797 1163 869 viris-
1171 794 1243 870 flo-

225 949 381 1021 rentem
392 954 676 1030 regionem
630 921 815 1003 —Adiis
831 945 937 994 emm
948 924 1070 1012 (sunt)
1077 933 1242 991 conatus
1256 902 1350 1046 δ’ἐξ·

227 1077 366 1128 omues
388 1052 651 1124 humanarum
668 1036 885 1131 virtutum3
912 1058 950 1114 et
969 1041 1176 1138 sapientes,
1203 1056 1243 1113 et
1343 1117 1348 1129 ,

225 1174 411 1250 manibus
437 1169 578 1253 fortae,
616 1147 863 1260 facundique·
887 1176 1112 1251 nascuntur.
1159 1181 1164 1241 ·,
1192 1163 1242 1234 At

226 1299 361 1375 virum
396 1317 468 1392 ego
502 1290 617 1360 illum
651 1285 810 1359 laudare
839 1283 883 1354 in
918 1284 1050 1354 auimo
1081 1280 1241 1370 habens,

191 1440 195 1445 ’
225 1444 344 1518 spero
372 1439 436 1488 me
459 1437 541 1485 non
571 1435 705 1482 aer-ea
715 1403 899 1515 cuspide·
907 1405 1100 1476 munitam
1128 1405 1240 1502 sagit-

223 1559 306 1616 tam
321 1552 476 1638 praeter
489 1554 652 1630 scopum
667 1529 876 1613 iacturum,
894 1551 1014 1599 manu
1028 1526 1258 1620 vibrandoa
1300 1524 1302 1531 '
1344 1528 1348 1537 “

223 1662 295 1738 sed
321 1663 444 1759 longe
478 1630 712 1729 eiaculatuin
752 1652 955 1724 victurum
996 1648 1239 1721 aduersarios
1339 1735 1342 1741 ,
1392 1716 1395 1723 ,

224 1779 448 1884 (aemulos).
501 1770 655 1850 Vtinam
680 1795 775 1844 vero
803 1777 920 1843 omne
942 1775 1098 1869 tempus
1117 1770 1239 1846 felici·
1349 1746 1353 1752 .

220 1922 346 2010 tatem
360 1901 414 1974 sic
436 1917 639 1998 opumque
661 1916 826 1965 munera
841 1906 1060 1980 conseruet
1081 1917 1239 1979 aerum·

220 2047 447 2118 uarumque
475 2014 718 2091 obliuionem
742 2013 940 2111 praebeat!
992 2056 1039 2067 —
1096 2009 1239 2109 Vtique
1253 2016 1348 2082 Atta

221 2145 494 2225 reminiscitur
516 2137 643 2210 adhuc
659 2134 841 2234 (Hiero)
883 2149 1045 2228 quantas
1068 2133 1110 2206 in
1126 2103 1302 2210 bellis9
1284 2103 1330 2160 91

220 2293 377 2371 pugnas
393 2263 574 2337 toleranti
595 2260 726 2331 animo
749 2254 997 2341 sustinuerit,
1025 2279 1118 2329 cum
1135 2257 1239 2354 (eae)

219 2406 411 2494 pararunt
426 2385 501 2459 diis
520 2381 748 2456 iuuantibus
770 2375 954 2475 gloriam,
991 2379 1146 2473 qualern
1171 2405 1239 2453 ne·

221 2496 294 2590 mit
312 2517 551 2586 Graecorum
571 2499 781 2599 decerpsit,
795 2496 1066 2612 opum·decus
1089 2504 1239 2600 magni.

194 2720 202 2735 ⁸
222 2634 355 2711 fictlm.
407 2632 529 2705 Nunc
545 2650 639 2698 vero
656 2623 892 2697 Philoctetae
910 2622 1133 2719 exemplum
1149 2626 1238 2697 itui·

221 2754 334 2837 tatus.
349 2734 552 2851 militauit:
582 2772 675 2820 eum
698 2744 804 2816 enim
820 2766 867 2811 ex
884 2743 1118 2832 necessitate,
1135 2746 1238 2817 ami·

225 2900 319 2951 cum
335 2870 410 2946 sibi
427 2861 470 2941 vt
490 2868 689 2954 redderet,
711 2864 855 2962 aliquis
880 2863 997 2935 etiam
1014 2865 1147 2963 paullo
1173 2891 1238 2939 su·

222 2988 384 3100 perbior
408 2992 590 3091 palpauit.
658 2989 780 3062 Aiunt
802 2977 993 3057 nimirum
1021 2987 1065 3076 iu
1087 2991 1237 3062 Lemno

222 3120 391 3195 vulnere
424 3111 626 3186 adflictum
658 3108 961 3203 inuestigaturos
975 3110 1138 3183 ‚venisse
1188 3154 1237 3167 ...

221 3226 362 3318 heroas
395 3235 554 3310 diuinos
590 3231 769 3306 Poeantis
797 3226 925 3300 lilium
958 3231 1238 3328 sagittatorent;
1229 3228 1345 3303 ⁴1³⁰&
1391 3320 1393 3324 .

223 3363 297 3459 qui
329 3356 476 3433 Priami
504 3342 641 3429 vrbem
681 3350 823 3422 euertit
853 3347 1062 3446 finiuitque
1089 3288 1279 3427 labores&
1304 3313 1365 3368 ¹⁰³

222 3489 467 3563 Danaorum,
495 3476 566 3550 etsi
585 3471 744 3547 infirmo
761 3496 924 3570 corpore
944 3471 1146 3548 incedens:
1171 3473 1240 3548 sed

176 3679 179 3683 ,
224 3607 278 3678 ita
298 3582 383 3675 lieri
401 3597 514 3687 fatale
533 3611 622 3668 erat.
654 3634 659 3643 ·
677 3594 739 3670 Sic
754 3619 851 3667 vero
867 3595 1034 3667 Hieroni
1051 3593 1148 3669 deus
1161 3621 1239 3671 ser·

222 3740 340 3800 vator
363 3717 462 3790 adsit
486 3715 623 3790 tuturo
641 3717 837 3811 (quoque)
856 3733 1051 3814 tempore,
1085 3744 1239 3809 eorum,

223 3871 327 3947 quae
345 3855 471 3940 optat,
505 3851 768 3936 opportunam
797 3835 1019 3909 facultatem
1040 3841 1236 3937 praebens.

223 3975 257 4046 O
277 3970 411 4051 Musa,
434 3961 551 4036 etiam
568 3953 674 4056 apud
689 3956 954 4031 Dinomenem
974 3959 1119 4057 (lilium
1145 3963 1239 4037 Hie·

219 4087 351 4182 ronis)
379 4101 422 4157 vt
451 4103 580 4166 canas,
619 4069 835 4172 obsequere
860 4079 977 4167 mihi,
1016 4083 1239 4180 praemium

219 4210 512 4312 quadrigarum.
580 4198 780 4274 Gaudium
807 4200 913 4274 enim
940 4216 1022 4275 non
1050 4203 1237 4293 alienum,
1307 4193 1309 4197 ⁷

1072 4325 1238 4401 victoria
