3092 5142
522 441 885 569 *Carmean*
990 551 991 554 t
1124 513 1176 586 ²9
1271 604 1273 609 Ι

152 688 234 763 lent
266 681 452 762 iucunda.
521 684 623 763 Boni
651 696 785 795 autem
814 696 854 754 et
884 678 1076 778 sapientes
1101 680 1180 755 viri

156 811 299 884 diuino
321 832 488 881 munere
535 844 581 860 -
634 798 721 910 fieri
740 803 877 877 solent.
924 800 1180 905 Quandoqui·
1193 793 1284 935 Ἢ·

157 931 246 1005 dem
265 927 470 1027 quomodo
488 922 647 999 tridenti
657 920 886 997 -aduersam
901 924 1089 998 Hercules
1105 925 1181 998 cla·

157 1077 243 1126 vam
266 1051 456 1123 vibrasset
471 1044 665 1133 manibus,
691 1068 819 1141 quum
841 1044 891 1119 ad
912 1046 1056 1145 Pylum
1077 1061 1182 1122 stans
1235 1143 1239 1150 Ι

157 1175 406 1248 obniteretur
416 1169 698 1266 eiNeptunus?
714 1164 1041 1264 obnitebaturque
1051 1166 1182 1242 eidem

156 1309 687 1395 argenteo-arcu·pugnans
700 1287 899 1377 Phoebus;
921 1314 1051 1387 neque
1064 1266 1181 1368 Pluto
1224 1308 1228 1322 ··

153 1420 367 1491 immotam
386 1413 516 1487 tenuit
537 1412 697 1498 hastam,
727 1411 908 1484 mortalia
923 1435 1088 1512 corpora
1104 1436 1183 1510 qua

152 1537 361 1636 compellit
379 1560 522 1610 cauum
538 1532 739 1606 advirum
752 1546 1017 1607 mortuorum.
1048 1533 1184 1609 Abiice

153 1659 260 1733 mihi
299 1681 520 1731 sermonem
554 1655 681 1740 hunc,
715 1675 770 1727 os.
836 1656 942 1726 Nam
973 1653 1186 1728 conuitiari

153 1782 235 1856 diis
262 1780 401 1854 odiosa
423 1776 612 1875 sapientia
636 1788 712 1862 est;
745 1789 784 1847 et
809 1775 969 1874 gloriari
993 1776 1185 1876 intempe-

154 1905 264 1978 stiue
318 1942 364 1958 -
418 1899 591 1971 insaniae
621 1913 816 1971 consonat
879 1901 944 1972 Ne
970 1922 1079 1972 nunc
1105 1885 1265 1988 bla-Ant·
1283 1913 1312 1954 ²·
1402 1996 1405 2001 .

154 2040 261 2099 teres
282 2023 383 2096 talia
436 2019 556 2094 Mitte
574 2017 723 2092 bellum
744 2043 999 2118 pugnamque
1023 2044 1186 2095 omnem
1268 2009 1276 2025 ⁸
1404 2003 1407 2008 ’

158 2144 469 2230 Immortalium,
496 2153 700 2214 conuertas
715 2141 850 2240 potius
868 2139 917 2213 ad
930 2145 1187 2244 Protogeniae

159 2267 303 2340 vrbem
333 2265 531 2371 linguam,
565 2260 635 2334 vbi
660 2259 1054 2339 fulmina-vibrantis
1079 2265 1187 2340 louis

162 2392 337 2488 imperio
359 2383 510 2484 Pyrrha
535 2384 855 2476 Deucalionque,
884 2387 1071 2460 Parnasso
1093 2412 1187 2462 cum

164 2507 472 2596 descendissent,
507 2503 672 2610 domum
700 2519 977 2580 exstruxerunt
995 2510 1186 2607 primum,
1234 2512 1240 2523 “

165 2634 331 2728 sineque
360 2627 574 2703 concubitu
603 2622 781 2700 eiusdem
813 2629 964 2725 generis
990 2631 1188 2728 produxe.
1278 2635 1304 2668 ’·

164 2769 261 2829 runt
283 2750 479 2852 lapideam
497 2746 684 2833 sobolem,
710 2748 780 2843 qui
796 2750 867 2821 lai
886 2748 1068 2848 adpellati
1083 2770 1187 2851 sunt

164 2875 301 2950 Excita
326 2872 546 2954 carminum
573 2868 653 2941 illis
676 2867 817 2943 modos
841 2894 1023 2963 sonoros,
1055 2873 1189 2948 lauda·

164 3021 244 3095 que
263 3010 379 3071 vetus
399 2992 561 3091 quidem
578 2994 741 3079 vinum3
766 2987 883 3065 flores
902 3017 998 3067 vero
1016 2994 1188 3094 hymno·

161 3142 259 3198 rum
311 3155 359 3170 -
410 3115 640 3188 recentium.
692 3113 817 3190 Aiunt
834 3137 925 3189 sane
941 3130 1084 3189 terram
1102 3117 1190 3214 qui·
1203 3118 1312 3210 Epo„

164 3235 259 3310 dem
286 3231 498 3311 inundasse
527 3237 680 3335 nigram
703 3259 827 3332 aquae
853 3237 960 3325 vim,
986 3235 1056 3310 sed
1083 3239 1191 3313 Iouis
1227 3198 1273 3254 ⁷⁵⁸

164 3373 246 3432 arte
260 3372 477 3455 resorptam
488 3381 569 3430 esse
578 3371 741 3453 repente
750 3355 948 3432 nudarum
961 3358 1188 3435 colluuiem.

164 3482 222 3552 Ex
248 3475 328 3549 illis
354 3494 486 3555 autem
513 3478 708 3576 originem
735 3478 1193 3580 duxeru11taereis·cly·

167 3599 471 3698 peis-instructi
495 3600 614 3673 vestri
636 3599 825 3688 maiores,
854 3600 1007 3699 origine
1027 3601 1193 3698 Iapetio·

166 3720 272 3794 nidis
314 3721 446 3819 stirpis
475 3709 547 3799 tilii
580 3719 883 3820 puellarumque
901 3721 1193 3819 'praestantissi
1209 3766 1214 3788 ι.

168 3866 333 3917 morum
354 3841 635 3932 Cronidarum‚
654 3840 862 3941 indigenae
886 3865 995 3940 reges
1019 3865 1192 3942 semper;

168 4001 215 4020 -·
254 3978 346 4037 ante
371 3987 489 4060 quam
510 3963 722 4062 Olympius
745 3989 815 4037 rex
840 3987 934 4036 cum
955 3958 1036 4034 filia
1056 3967 1194 4061 Opun·
1207 3974 1300 4040 Str-a·
1326 3963 1329 3972 '

168 4085 237 4175 tis,
263 4110 287 4159 e
306 4099 409 4158 terra
425 4091 626 4183 Epeorum
647 4098 769 4184 rapta,
804 4083 903 4157 clam
926 4085 1194 4158 consueuisset
1231 4053 1276 4114 ὦ

168 4205 385 4282 Maenaliis
398 4205 443 4280 in
465 4207 586 4307 iugis,
617 4229 785 4304 eamque
806 4203 1031 4281 adduxisset
1054 4204 1104 4279 ad
1117 4211 1217 4280 Lo·.

1063 4351 1215 4419 crum„
