3092 5142
371 491 429 584 50‘
478 582 485 593 ι
759 432 762 439 ’
810 465 989 569 Pythia·
1080 536 1089 545 .

368 657 532 730 claranit
565 659 807 731 sententiam.
875 664 1032 759 Absque
1057 665 1202 739 Gratiis
1231 670 1387 759 vernei

367 780 522 879 peperit
537 778 711 874 (Nubes)
737 780 818 851 sola
844 783 970 856 solam
992 782 1170 857 sobolem
1192 809 1387 867 monstro·

370 924 468 987 sam,
517 922 646 995 neque
668 902 772 974 inter
797 895 978 979 homines
1002 920 1217 1002 acceptam,
1261 937 1384 1009 neque
1410 990 1412 992 ,

369 1019 535 1095 deorum
555 1019 731 1111 sedibus3
757 1047 875 1119 quam
898 1027 1144 1115 nominauit,
1170 1054 1267 1104 cum
1296 1061 1383 1109 enu-

369 1142 522 1229 triisset,
534 1146 787 1216 Centaurum.
837 1147 1026 1246 Quicum
1040 1149 1215 1242 equabus
1225 1157 1381 1254 Magne·
1415 1250 1416 1263 ἵ

370 1265 437 1336 siis
458 1288 687 1362 congressus
704 1280 763 1338 est
786 1265 829 1339 in
854 1268 953 1340 Pelii
973 1269 1240 1358 conuallibns;
1279 1275 1381 1348 inde·

243 1464 255 1482 ς
370 1409 449 1480 que
466 1387 549 1457 nati
564 1402 656 1458 sunt
676 1387 850 1485 populus
864 1386 1116 1463 admirandus
1133 1394 1315 1491 vtrisque
1338 1397 1380 1470 si·

369 1507 482 1580 miles
503 1507 749 1606 parentibus,
785 1509 901 1582 matri
920 1507 1084 1604 quidem
1099 1511 1287 1605 inferius,
1321 1516 1379 1592 de·
1408 1544 1410 1551 ·

262 1597 355 1738 Ἥ
370 1651 490 1724 super
508 1620 603 1701 vero
629 1628 742 1725 patri.
796 1670 842 1683 -
894 1633 1006 1702 Deus
1036 1656 1197 1708 omnem
1221 1665 1271 1710 ex
1291 1656 1377 1713 voto

370 1748 521 1822 exitum
538 1747 708 1847 perficit;
734 1748 917 1844 deus,qui
931 1751 1048 1822 etiam
1060 1757 1263 1850 pernicem
1276 1760 1377 1857 aqui·

368 1870 447 1942 lam
465 1867 704 1967 adsequitur,
730 1887 770 1944 et
786 1872 987 1944 marinum
1006 1877 1217 1948 anteuertit
1235 1875 1377 1977 delphi-

368 2016 481 2079 nem,
508 2008 548 2064 et
568 1992 831 2090 superborum
848 1993 1021 2088 aliquem
1040 1996 1255 2091 prosternit
1279 2022 1377 2072 mor·

368 2113 529 2201 talium,
563 2129 696 2188 contra
713 2113 799 2188 aliis
817 2113 937 2187 decus
958 2136 1040 2185 non
1057 2138 1257 2190 senescens
1278 2144 1378 2218 prac-
1405 2148 1407 2155 ·

368 2234 445 2309 bet.
474 2240 546 2310 Me
563 2260 659 2308 vero
676 2252 832 2336 oportet
849 2234 987 2331 fugere
1001 2231 1173 2307 belluam
1183 2238 1376 2339 ¹infestant,
1403 2281 1407 2291 ·

367 2355 692 2430 maledicentiam.
722 2362 812 2454 (nec
834 2355 980 2430 Ixionis
1006 2354 1149 2435 scelera
1173 2372 1212 2429 et
1238 2383 1376 2459 poenas
1404 2342 1407 2397 3

307 2465 313 2476 ⁶
368 2476 520 2551 diutius
535 2480 759 2578 exagitare.)
810 2479 898 2554 Scio
920 2477 1039 2564 enim,
1066 2479 1249 2572 quamuis
1269 2486 1377 2577 (tem
1402 2504 1406 2513 ·

367 2583 646 2700 pore).procul
671 2599 719 2672 ab
742 2600 834 2686 illo,
873 2600 1048 2673 multum
1071 2598 1115 2669 in
1141 2597 1308 2676 miseria
1324 2602 1377 2697 (in

367 2747 507 2821 magna
523 2721 752 2796 difficultate
770 2721 1050 2813 constitutum)
1076 2718 1377 2797 conuiciatorem

367 2840 649 2915 Archilochum
674 2838 873 2915 maledicis
905 2839 1247 2915 criminationibus
1282 2842 1378 2917 dele·

369 2978 525 3036 etatum.
580 2964 781 3037 Ditescere
796 2979 927 3035 antem
947 2964 1020 3051 ita,
1047 2978 1091 3035 vt
1107 2954 1318 3038 coniuncta
1335 2965 1377 3040 sit
1399 2992 1404 3003 ·

238 3091 306 3146 Aac.
325 3106 351 3160 s·
367 3108 449 3158 sors
474 3085 701 3183 sapientiae,
726 3082 925 3180 optimum
950 3096 1018 3155 est.
1079 3123 1126 3137 -
1187 3078 1255 3157 Tu
1288 3108 1375 3160 vero

264 3169 323 3233 ¹⁰4⁶
365 3202 570 3278 manifeste
588 3230 673 3279 eam
698 3204 851 3277 liberali
871 3205 1004 3277 animo
1027 3201 1220 3300 possides,
1259 3230 1285 3279 o
1302 3229 1375 3296 rer,

364 3327 526 3401 domine
549 3328 770 3400 multorum
787 3326 888 3399 bene
910 3335 1188 3398 coronatorum
1216 3327 1373 3423 (muris)

362 3451 547 3524 vicorum
560 3466 598 3522 et
615 3448 767 3546 populi.
822 3447 862 3521 Si
881 3467 977 3518 vero
1000 3446 1089 3541 quis
1113 3447 1191 3518 iam
1209 3445 1372 3522 diuitiis·

361 3596 438 3670 que
457 3572 664 3645 ethonore
687 3569 791 3641 dicat
816 3568 939 3641 alium
959 3565 1156 3662 quendam
1178 3560 1369 3642 maiorum
1411 3645 1417 3658 ,

358 3719 430 3793 per
449 3693 649 3766 Graeciam
671 3688 859 3762 exstitisse
881 3703 920 3759 te
943 3673 1207 3784 superiorem,
1235 3688 1368 3782 stolida·

311 3854 314 3860 ¹
356 3816 389 3888 is
412 3829 544 3886 mente
569 3813 740 3884 luctatur
764 3834 982 3908 perperam.
1039 3814 1124 3905 Ego
1150 3831 1249 3883 vero
1276 3815 1368 3908 (tan-v

355 3935 492 4034 quam)
510 3933 688 4031 pulcram
706 3929 964 4004 conscendam
981 3931 1151 4017 classem,
1167 3930 1230 4026 (in
1247 3932 1361 4004 altum

352 4057 499 4133 euehar
520 4049 734 4143 laudando)
759 4050 949 4123 virtutem
975 4049 1253 4124 celebraturus.
1308 4056 1361 4129 lu·
1407 4124 1416 4150 Γ

351 4193 555 4255 ventutem
570 4161 679 4250 tuam
694 4168 942 4246 commendat
958 4168 1118 4262 audacia
1128 4170 1172 4242 in
1183 4173 1360 4270 grauibus
1414 4190 1416 4196 ·

1238 4292 1356 4366 bellis:
