3092 5142
274 506 277 511 ’
366 491 441 564 126
775 483 936 562 Nemea.

260 688 272 729 ·''
359 693 478 773 quam
493 673 787 750 omnino-deus
810 696 891 749 esse
912 674 1173 776 habitureque'
1188 681 1233 754 in
1255 685 1374 774 coelo3

359 799 476 896 elegit
496 798 618 870 vitam
641 794 847 882 interfecto
863 797 1003 871 Pollux
1021 801 1177 875 Castore
1196 804 1243 876 in
1260 805 1372 879 bellos

343 912 477 1027 xHunc
495 919 603 992 enim
626 916 709 990 Idas
733 933 895 1018 propter
921 918 1044 993 boues
1069 918 1290 1020 admodum
1305 925 1375 997 ira·

358 1057 423 1115 tus
457 1040 685 1114 vulnerauit
718 1062 851 1115 aereae
881 1040 1009 1115 hastae
1046 1041 1220 1140 cuspide.
1277 1086 1371 1102 ·-—

230 1159 298 1217 Aac.
316 1169 344 1233 4·
360 1166 572 1257 (Namque)
593 1185 615 1232 a
630 1166 807 1258 Taygeto
828 1161 1374 1263 e·longinquo·conspicatus

257 1241 317 1304 ¹¹4
356 1282 461 1359 uidit
478 1287 659 1378 Lynceus
684 1281 789 1374 (ldae
807 1281 944 1377 frater)
969 1307 1137 1380 quercus
1161 1286 1206 1357 in
1230 1285 1375 1360 trunco'

359 1404 558 1478 sedentem
586 1407 828 1496 (Castorem).
893 1405 1004 1478 Illius
1032 1405 1139 1478 enim
1163 1407 1376 1483 hominum

357 1526 525 1600 omnino
566 1523 645 1598 fuit
676 1525 925 1600 acutissimus
967 1527 1085 1600 visus,
1165 1530 1374 1605 Velocibus

244 1662 250 1670 ’
277 1670 292 1695 -·
318 1660 322 1671 ’
358 1663 493 1721 autem
519 1645 687 1744 pedibus
713 1646 844 1721 statim
870 1664 1111 1724 accesserunt
1130 1665 1170 1722 et
1190 1667 1304 1724 atrox
1322 1650 1374 1724 fa·

276 1748 310 1783 *'
359 1770 471 1845 cinus
487 1782 689 1868 patrarunt
706 1767 891 1856 celeriter,
915 1771 1017 1868 passi
1035 1795 1132 1844 vero·
1146 1771 1265 1844 etiam
1282 1789 1375 1847 sunt

357 1914 481 1990 graue
506 1890 657 1963 malum
680 1911 801 1960 manu
829 1890 955 1977 Iouis,
994 1889 1249 1988 Apheretidae
1273 1893 1373 1990 (Idas

360 2029 400 2088 et
423 2012 633 2110 Lynceus).
684 2009 794 2083 Illico
818 2010 925 2081 enim
946 2006 1107 2084 aduenit
1122 2013 1252 2087 Ledae
1270 2014 1373 2090 filius

357 2133 538 2234 (Pollux)
553 2132 774 2234 insequens.
827 2130 890 2203 Illi
904 2156 998 2205 vero
1015 2147 1150 2206 contra
1169 2151 1371 2227 steterunt,

250 2265 304 2339 Ep.
317 2272 345 2337 s·
360 2256 588 2356 sepulcrum
610 2275 736 2350 prope
762 2266 992 2350 paternum3
1050 2296 1122 2310 -·
1158 2253 1267 2329 vnde
1292 2283 1373 2331 cor·-

260 2349 321 2404 ”5'
356 2395 512 2478 reptem
529 2392 693 2474 statuam
708 2373 901 2462 Plutonis,
922 2375 1095 2474 politum
1107 2397 1262 2467 saxum,
1285 2364 1371 2478 pro·

359 2503 537 2593 iecerunt
561 2498 606 2569 in
634 2511 771 2596 pectus
797 2494 988 2585 Pollucis;
1021 2520 1096 2570 nec
1119 2512 1253 2571 tamen
1281 2526 1371 2575 eum

359 2623 598 2699 attriuerunt
615 2642 755 2714 neque
786 2632 1073 2713 represserunt:
1115 2617 1188 2697 sed
1219 2620 1370 2696 irruens

257 2774 268 2811 .·
360 2747 471 2840 (ille)
502 2739 632 2816 iaculo
649 2735 795 2810 yeloci
828 2735 956 2836 adegit
987 2740 1137 2836 Lyncei
1171 2740 1217 2814 in
1258 2743 1370 2818 latera

358 2892 433 2940 aes.
485 2865 640 2962 Iupiter.
656 2883 753 2932 vero
779 2857 823 2930 in
845 2854 955 2930 Idam
975 2857 1193 2957 igniferum
1217 2880 1370 2938 contor-

358 2990 409 3063 sit
432 2985 693 3084 fuliginosum
718 2978 882 3052 fulmen.
935 2985 1105 3078 Vterque
1130 3008 1227 3057 vero
1251 2991 1369 3085 (Lyn-

356 3119 508 3185 cens-et
524 3104 624 3196 Idas)
643 3104 763 3176 simul
787 3100 983 3174 combusti
1007 3117 1110 3191 sunt,
1133 3109 1284 3181 auxilio
1310 3108 1369 3181 de·

358 3225 498 3305 stituti.
551 3225 716 3298 Exitiale
737 3224 845 3297 enim
865 3239 922 3298 est
943 3207 1190 3317 hominibus,
1215 3226 1369 3326 conten·

255 3361 345 3427 sers-
354 3354 510 3426 tionem
527 3347 724 3445 suscipere
744 3371 838 3422 cum
855 3345 1154 3445 potentioribus.
1195 3393 1243 3408 -
1297 3360 1371 3430 Stu-

260 3445 329 3518 *¹³⁷'
359 3477 436 3549 tim
448 3496 544 3545 vero
569 3468 618 3541 ad
640 3468 775 3544 fratris.
791 3467 914 3541 robur
935 3466 1113 3564 (fratrem
1135 3467 1293 3563 fortem,
1308 3479 1370 3548 ea·

292 3630 296 3636 ·
358 3613 523 3683 norem,
553 3593 684 3665 lancea
707 3590 957 3688 percussum)
989 3589 1106 3664 rediit
1130 3593 1370 3691 Tyndarides

259 3764 262 3797 2
326 3757 330 3763 ·
358 3719 487 3813 (alter,
512 3715 674 3803 Pollux)
692 3725 732 3786 et
749 3735 844 3784 eum
860 3710 1043 3784 nondum
1061 3729 1283 3803 mortuum,
1307 3703 1370 3789 sed

270 3822 315 3867 '⁷
359 3838 537 3911 anhelitu
571 3833 831 3907 interclusum
864 3830 1070 3907 habentem
1103 3837 1289 3933 spiritum
1315 3841 1370 3912 in·

359 3959 480 4036 venit.
544 3953 850 4030 &diducentem
874 3948 1044 4028 fundens
1069 3955 1247 4031 lacrimas
1272 3961 1371 4034 inter

360 4079 527 4179 suspiria
551 4077 674 4150 altum
701 4070 902 4167 clamauit:
932 4080 1043 4148 Pater
1066 4081 1258 4170 Saturum,
1286 4084 1371 4178 quis

360 4203 519 4281 tandem
546 4198 635 4275 finis
659 4197 734 4274 erit
757 4195 966 4270 luctuum?
1001 4197 1118 4271 etiam
1142 4202 1247 4277 mihi
1271 4230 1374 4277 mor·

1296 4342 1373 4400 tem
