3092 5142
366 539 446 595 102
797 510 955 596 Nemea.

364 723 445 796 ret,
470 719 515 778 vt
535 728 586 778 ne
607 701 769 779 illorum
794 732 879 794 rex,
907 705 1048 781 Heleni
1068 710 1276 806 patruelis,
1304 712 1382 785 ani-

365 851 501 902 mosus
530 829 726 901 Memnon
757 827 924 901 domum
950 819 1115 906 iterum.¹
1123 832 1281 908 rediret.
1336 878 1380 891 -

273 907 352 1028 iiii
366 949 463 1027 Inde
489 947 629 1048 procul
654 946 844 1046 effulgens
869 950 1014 1022 exstitit
1042 949 1381 1051 lumenAeacida·

365 1097 478 1161 rum,
506 1095 532 1145 o
557 1070 718 1168 Iupiter.
784 1074 897 1143 Tuus
927 1071 1035 1142 enim
1059 1075 1215 1172 sanguis
1241 1077 1378 1173 (sunt).

367 1199 505 1270 Tuum
521 1215 617 1264 vero
633 1192 751 1264 etiam
767 1206 963 1264 certamen
974 1197 1072 1285 (est),
1086 1192 1195 1290 quod
1209 1197 1381 1292 hymnus

369 1315 471 1414 (hic)
491 1312 618 1411 attigit
635 1325 733 1386 voce
749 1312 961 1417 iuuenum,
987 1312 1241 1412 domesticam
1261 1320 1381 1392 victo·

367 1437 468 1511 riam
483 1430 688 1508 celebrans.
744 1435 888 1507 Cantus
907 1460 1004 1508 vero
1024 1436 1217 1509 victorem
1239 1440 1381 1512 Aristo-

369 1555 513 1632 clidem
535 1569 669 1642 ornat3
702 1555 773 1651 qui
793 1555 938 1628 hancce
962 1555 1130 1628 insulam
1154 1556 1301 1630 celebri
1322 1558 1381 1631 ad-

368 1680 501 1754 mouit
522 1676 646 1750 famae
669 1676 956 1775 praeclarisque
972 1667 1179 1772 poetarum
1203 1681 1311 1754 curis
1329 1705 1381 1754 sa·

371 1824 485 1875 crum
497 1798 633 1898 Pythii
641 1796 866 1873 Thearium.
912 1798 1167 1895 Experiundo
1183 1827 1282 1875 vero
1296 1828 1382 1876 con-

257 1929 259 1932 ’
370 1921 553 2021 spicitur,
574 1923 673 2015 (quo
694 1920 737 1991 in
755 1918 1015 1993 certaminum
1034 1924 1193 2019 genere)
1217 1926 1381 2021 quisque

240 2019 357 2158 ²¹:²33·
371 2041 620 2118 excellentior
646 2037 787 2114 fuerit:
838 2080 886 2097 -
944 2042 1049 2114 inter
1071 2067 1217 2141 pueros
1243 2049 1383 2123 iuuen-

370 2162 480 2238 culos
502 2186 622 2263 puer,
649 2163 753 2235 inter
773 2162 882 2235 viros
906 2161 989 2252 vir;
1024 2166 1138 2237 tertia
1162 2166 1268 2242 inter
1296 2194 1383 2269 pro·

368 2283 561 2360 vectiores
581 2306 670 2381 pars
685 2282 822 2378 (aetas)
839 2299 915 2371 est,
942 2285 1099 2382 qualem
1123 2288 1330 2383 quodlibet
1344 2292 1381 2386 *)

368 2404 616 2502 assequimur
630 2401 794 2475 mortale
809 2427 933 2500 genus
951 2408 1266 2501 (nosvhominum
1284 2415 1386 2508 quis-

288 2614 294 2632 ι
369 2531 474 2626 qne).
533 2508 631 2602 Suas
660 2548 758 2598 vero
783 2525 902 2598 etiam
932 2543 1071 2623 quarto
1093 2529 1189 2632 loco
1219 2530 1385 2609 virtutes

250 2629 255 2641 ⁵
322 2631 346 2701 s
369 2650 480 2724 affert
499 2662 688 2734 senectus,
714 2645 1010 2745 prudenterque
1033 2664 1195 2723 tractare
1213 2651 1329 2727 iubet
1346 2652 1386 2729 id

369 2769 480 2868 quod
508 2770 552 2842 in
582 2767 764 2842 manibus
799 2782 866 2840 est.
934 2774 967 2843 A
997 2769 1141 2874 quibus
1173 2797 1258 2846 non
1282 2774 1387 2849 abest

247 2888 250 2899 ’
369 2889 679 2990 (Aristoclides).
733 2887 848 2964 Salue
872 2891 1005 2964 amice.
1058 2874 1141 2990 Ego
1167 2893 1293 2967 hocce
1317 2894 1386 2968 tibi

368 3013 487 3086 mitto
510 3013 682 3085 mixtum
702 3009 783 3082 mel
803 3004 970 3082 candido
992 3030 1084 3083 cum
1107 3009 1214 3099 lacte,
1239 3010 1387 3086 admix-

368 3149 513 3232 tusque
529 3159 594 3208 ros
609 3146 800 3229 temperat
814 3145 957 3230 potum
976 3121 1205 3205 cantabilem
1226 3132 1277 3205 ad
1291 3138 1385 3209 Aeo·

257 3244 348 3319 ²1²⁰&
368 3255 464 3329 licos
480 3252 595 3329 flatus
613 3252 811 3338 tibiarum,
848 3293 896 3307 -
935 3254 1022 3327 sero
1037 3254 1137 3328 licet.
1171 3259 1240 3329 Est
1256 3273 1385 3332 autem

254 3320 354 3390 μω
368 3375 498 3473 aquila
516 3365 634 3447 velox
655 3374 760 3447 inter
780 3373 982 3464 volucres,
1008 3400 1109 3473 quae
1130 3378 1297 3476 corripit
1317 3397 1384 3455 sta·

366 3500 441 3573 tim
465 3523 487 3572 e
506 3495 727 3595 longinquo
748 3494 959 3589 insequuta
976 3512 1180 3570 cruentam
1203 3497 1385 3594 praedam

365 3618 545 3720 pedibus.
587 3615 756 3691 Clamosi
772 3629 905 3688 contra
921 3618 1071 3716 graculi
1087 3615 1256 3691 humilia
1272 3616 1385 3719 depa-

366 3757 491 3816 scunt.
527 3737 620 3813 Tibi
637 3734 813 3833 quidem,
828 3736 1098 3834 pulcritbrona
1115 3739 1200 3812 Clio
1214 3741 1381 3832 volente,

365 3859 527 3937 victoris
545 3857 668 3933 animi
683 3856 879 3955 (virtutis)
894 3879 1008 3928 causa
1022 3859 1204 3934 aNemea
1213 3863 1383 3964 Epidau.

366 4006 493 4077 roque
515 3979 767 4078 Megarisque
792 3977 951 4077 affulget
973 3976 1103 4053 decus.
1220 4036 1223 4046 .

429 4137 463 4214 a)
484 4134 577 4218 luug.
598 4130 729 4220 &narrar
751 4135 847 4206 γένος.
891 4133 984 4195 Atv.
1006 4131 1083 4200 Not.

730 4276 963 4311 anau-3·—
