3092 5142
327 482 412 579 14a‘¹
737 463 900 547 Isthmia.

318 663 526 732 Hectorem
548 653 794 744 occiderunt,
817 671 855 730 et
875 645 1154 756 imperatorem
1169 665 1329 740 Aethio·

316 804 414 878 pum
442 775 682 874 intrepidum
705 781 965 852 Memnonem
987 793 1326 862 aere-armatum?

316 904 413 1000 Quis
435 899 638 972 strenuum
666 897 886 994 Telephum
912 901 1134 977 vulnerauit
1160 930 1234 978 sua
1259 905 1324 980 lra-

203 1001 299 1140 ⁸25}
314 1038 366 1094 sta
386 1020 486 1094 Caici
510 1019 558 1114 ad
580 1019 706 1121 ripas?
748 1059 795 1077 ··-
849 1018 927 1118 (llli
946 1021 1125 1120 quidem)
1146 1049 1322 1121 quorum

311 1145 497 1242 Aeginam
517 1139 664 1238 profert
682 1165 724 1214 os
740 1145 915 1242 patriam,
942 1145 1194 1220 excellentem
1213 1142 1320 1221 insu·

275 1296 277 1302 ·
310 1263 399 1334 lam.
453 1265 704 1335 Constructas
726 1289 821 1338 vero
844 1282 900 1339 est
922 1265 1155 1340 iamdudum
1181 1288 1319 1342 cumu-

309 1383 371 1471 lus
394 1381 629 1454 excelsorum
651 1381 891 1472 facinorum,
921 1409 1038 1480 quem
1060 1379 1316 1463 conscendere
1341 1428 1347 1453 ι

309 1505 446 1603 possis;
472 1496 672 1598 multaque
689 1492 903 1603 rectiloqua
920 1506 1053 1605 lingua
1072 1507 1173 1578 mihi
1184 1509 1315 1582 'iacula

310 1624 472 1718 (laudes)
492 1624 606 1696 habet
630 1623 679 1696 de
700 1625 981 1726 illis-sonandi3
994 1627 1122 1721 etiam
1143 1654 1253 1702 nunc
1272 1631 1313 1703 in

190 1781 193 1791 v
307 1745 410 1817 bello
434 1745 565 1819 testari
584 1758 709 1844 potest
729 1745 820 1820 vrbs
837 1748 979 1834 Aiacis,
1003 1764 1156 1822 seruata
1178 1773 1202 1821 a
1224 1751 1312 1823 clas-

180 1853 292 1992 ‘¹22⁵‘
307 1867 429 1941 siariis
481 1909 527 1922 -
578 1850 622 1939 in
647 1867 1015 1956 multum-exitiali,
1049 1869 1228 1956 Salamis,
1254 1874 1310 1942 Io·

203 2031 206 2034 ⁴
305 1990 365 2062 vis
398 1986 544 2074 imbre,
580 1988 928 2062 innumerabilium
958 1988 1168 2062 hominum
1201 2016 1308 2089 gran·

230 2135 236 2143 ·
304 2107 441 2181 dinosa
472 2106 599 2211 caede,
659 2109 733 2186 Sed
763 2125 894 2184 tamen
920 2111 1307 2209 gloriationemsub-

192 2321 194 2324 y
302 2255 433 2330 merge
458 2229 623 2304 silentio.
655 2219 827 2327 'Iupiter
852 2233 945 2305 haec
968 2246 1006 2306 et
1032 2231 1097 2302 illa
1126 2232 1307 2324 (secunda

256 2415 258 2421 .
302 2366 341 2427 et
361 2351 539 2444 aduersa)
560 2349 769 2441 distribuit,
793 2353 956 2452 Iupiter,
979 2352 1161 2426 omnium
1181 2352 1306 2428 domi-

300 2486 385 2549 nus.
408 2478 413 2488 '
438 2471 567 2548 Mollis
585 2497 679 2548 vero
706 2475 826 2546 instar
850 2473 1306 2549 amabilem'huiusmodi

300 2599 416 2671 etiam
444 2581 818 2692 decoratvictoriae
850 2595 1125 2669 certaminibus
1156 2599 1304 2693 partae)

300 2719 513 2818 epinicium
531 2719 735 2814 hymnum
761 2733 900 2790 amant.
956 2714 1173 2788 Contendat
1200 2719 1303 2814 quis-

216 2864 219 2872 ·
298 2841 411 2939 piam
430 2839 641 2912 allaborans
671 2839 905 2934 (certamina
928 2835 1206 2931 frequentans)
1257 2881 1303 2894 -

188 2941 284 3077 Εζιζό·
299 2961 347 3036 de
364 2959 664 3064 certaminibus,
690 2955 738 3028 de
762 2971 876 3056 gente
902 2956 1074 3029 Cleonici
1098 2957 1168 3029 vbi
1193 2959 1302 3032 inau-

296 3082 442 3156 diuerit
466 3086 603 3179 (certet
625 3077 725 3150 milii
749 3076 836 3172 quis
860 3097 951 3147 cum
977 3101 1021 3148 ea
1045 3077 1300 3165 victoriarum

221 3282 226 3290 ,
293 3199 490 3296 nurnero).
551 3203 646 3292 Non
681 3194 856 3295 profecto
891 3199 1097 3272 inuolutus
1132 3182 1298 3273 tenebris

293 3338 349 3399 est
373 3323 514 3419 longus
533 3319 642 3392 labor
666 3319 856 3405 virorum,
878 3343 1018 3414 neque,
1042 3335 1209 3414 quantae
1227 3300 1312 3396 lm·'

291 3466 431 3545 pensae
454 3439 501 3512 ad
521 3438 759 3537 potiundum
783 3463 851 3537 spe
870 3436 1010 3536 (factae
1030 3437 1208 3531 luerint),¹
1234 3427 1298 3514 stiss

289 3565 413 3640 mulat
439 3585 572 3633 curam
605 3565 757 3656 (neque
789 3561 1054 3657 impensarum
1084 3563 1292 3658 poenitet).
1324 3642 1332 3645 ,⁷

288 3682 424 3763 Laudo
443 3682 570 3768 etiam,
595 3679 783 3776 Pytheam
802 3679 906 3752 inter
920 3680 1294 3778 membrorum-do-

287 3808 446 3882 mitores
464 3801 657 3899 (athletas)
676 3799 907 3896 Phylacidae
919 3801 1119 3900 plagarum
1134 3825 1293 3873 cursum

287 3927 493 4010 direxisse,
529 3920 709 3994 manibus
739 3919 940 4008 dextrum,
981 3921 1113 3994 animo
1148 3946 1291 4019 parem.

286 4049 427 4146 Accipe
448 4045 484 4118 ei
510 4067 714 4128 coronam,
747 4038 1084 4136 ferquevillosam
1105 4041 1290 4137 (laneam)

284 4171 435 4259 vittam,
460 4181 498 4240 et
519 4165 663 4238 alatum
681 4185 837 4235 nouum
860 4161 1064 4236 vna-mitte
1081 4163 1290 4259 hymnum.

670 4283 900 4311 .........-.
1126 4315 1291 4382 rsrnn.
