3092 5142
393 480 414 560 s
467 473 630 553 Isthmia.
698 474 857 556 Carmen
887 477 916 557 1.
1120 505 1194 577 131
1329 560 1389 588 ,,,

217 918 289 1005 ,·
376 899 1004 1072 rsrurrrn.
1145 914 1305 1018 A·

502 1173 880 1198 -ο--ι-*ι--ιι-

552 1370 757 1444 isram.
791 1372 841 1441 rs

179 1590 181 1593 ·
284 1545 698 1641 HERODOTO
740 1549 1090 1642 ΤΗΕΒΑΝΟ.

550 1715 551 1718 ’
618 1703 759 1766 Curru.
788 1778 793 1786 ,

141 1880 143 1884 ’
184 1827 248 1948 O
272 1892 522 1962 matermea,
556 1887 691 1961 tuum,
726 1873 1002 1970 aureo-clipeo
1027 1875 1192 1976 insignis
1204 1901 1260 1956 cer.
1274 1899 1320 1958 ι.’
1367 1956 1370 1961 ,

182 1994 327 2080 Theba,
351 1993 555 2091 negotium
574 1991 694 2064 etiam
710 1984 967 2088 occupatione
982 1999 1103 2091 (mea)
1121 2023 1191 2097 po.
1236 2082 1238 2086 ι

180 2114 259 2186 tius
277 2106 512 2186 existimabo.
536 2117 600 2186 Ne
616 2114 717 2186 mihi
735 2137 865 2209 aspera
882 2134 1102 2190 succenseat
1110 2122 1209 2194 De.»

179 2234 254 2322 lus
282 2237 418 2329 inqua
438 2233 583 2304 effusus
602 2236 696 2329 (qua
718 2233 942 2307 celebranda
960 2243 1189 2338 occupatus)

179 2379 280 2427 sum.
336 2353 442 2457 Quid
467 2354 611 2440 carius,
639 2378 755 2450 quam
780 2353 991 2427 venerandi
1011 2373 1189 2455 parentes
1211 2433 1216 2437 .

181 2477 330 2572 (sui),
348 2466 461 2547 bonis
486 2478 590 2548 est?
619 2473 739 2562 Cede,
767 2499 792 2546 ο
816 2475 1014 2573 Apollinea
1041 2481 1185 2576 (Dele).

178 2602 398 2692 Vtrumque
411 2596 548 2691 vtique
564 2595 760 2691 hymnum
780 2620 870 2668 cum
885 2595 959 2670 diis
974 2600 1187 2695 perducam

178 2717 226 2788 ad
252 2715 388 2789 finem:
442 2760 485 2793 -,-
539 2733 577 2789 et
604 2717 806 2789 intonsum
834 2717 1038 2790 Phoebum
1063 2721 1185 2817 choro
1199 2743 1312 2813 Auen

177 2838 373 2910 celebrans
392 2838 433 2910 in
454 2842 507 2911 Co
524 2833 770 2921 circumflua,
797 2861 886 2908 cum
904 2842 1110 2916 maritimis
1127 2849 1186 2917 vi-

176 2960 232 3031 ris
251 2959 492 3054 (insulanis);
519 2975 556 3031 et
575 2956 672 3029 mari
696 2957 1007 3054 septum'lsthmi
1026 2961 1185 3060 iugum:

179 3075 515 3181 Quandoquidem¹
546 3095 705 3148 coronas
740 3101 805 3150 sex
836 3078 1015 3183 praebuit
1050 3082 1184 3185 Cadmi
1289 3097 1291 3101 ’

176 3199 327 3298 populo
349 3225 395 3272 ex
414 3195 706 3283 certaminibus,
731 3199 929 3274 victoriale
951 3201 1097 3299 patriae
1119 3201 1184 3276 de·

178 3345 257 3410 cus.
303 3326 347 3394 ln
364 3345 439 3418 qua
452 3335 495 3391 ‘et
512 3316 755 3416 intrepidum
768 3321 946 3394 Alcmena
964 3324 1114 3420 peperit
1136 3367 1180 3419 .··

176 3439 324 3529 filium,
347 3431 496 3536 vferoces
517 3443 635 3536 quem
657 3437 852 3534 quondam
872 3444 1076 3540 Geryonae
1093 3445 1247 3543 hor-ap.
1266 3481 1309 3539 15.

177 3574 345 3634 ruerunt
367 3585 486 3635 canes.
538 3564 593 3650 Atv
610 3584 682 3658 ego
708 3558 908 3633 Herodoto
932 3587 1068 3659 parans
1095 3580 1182 3638 cur·

175 3706 244 3753 rus
280 3678 503 3779 quadriiugi
536 3680 776 3780 praemium,
821 3680 972 3779 ipsique
1003 3682 1180 3776 habenas,

174 3825 260 3874 non
283 3801 418 3875 alienis
443 3802 642 3887 manibus,
675 3802 843 3896 regenti,
876 3802 994 3874 velim
1019 3819 1085 3877 aut
1113 3809 1181 3879 Ca·
1254 3792 1263 3877 s

159 3936 307 3994 'storeo
333 3938 400 3994 aut
427 3910 522 3994 Iolai¹
543 3912 720 3994 inserere'
742 3920 873 4018 ipsum
903 3922 1065 4020 hymno.
1087 3965 1089 3968 ·
1119 3929 1180 4000 Illi

172 4042 279 4116 enim
295 4039 398 4113 inter
412 4041 547 4115 heroes
564 4038 1015 4138 aurigaeLacedaenrone
1031 4061 1069 4118 et
1080 4048 1181 4120 The·
1211 4050 1213 4053 ’

173 4161 232 4238 bis
256 4162 380 4263 geniti
402 4177 494 4236 sunt
514 4161 849 4277 praestantissimi,
902 4204 948 4218 -
999 4166 1042 4239 in
1059 4166 1179 4242 ludis.
1193 4175 1247 4228 aar.
1261 4190 1287 4232 2.

1102 4311 1180 4384 que
1220 4244 1263 4299 26.
