3092 5142
391 536 444 607 60
824 526 967 630 Pythia.

326 779 329 787 ,
388 717 576 818 praesidis
606 719 808 817 Neptuni,
840 706 909 824 rex
920 722 936 807 ‚'
969 745 1087 817 quem
1119 724 1218 797 olim
1244 730 1389 830 Europa

388 843 500 939 Tityi
542 839 618 913 lilia
659 840 813 938 peperit
851 842 1007 939 Cephisi
1047 841 1097 916 ad
1135 847 1260 944 ripas:
1308 890 1388 909 —-

277 965 333 1020 sa.
347 979 372 1035 a·
388 979 522 1060 quarta
549 959 799 1062 generatione
828 957 1004 1034 filiorum
1031 981 1320 1064 prognatorum
1342 995 1390 1045 so·

291 1045 338 1107 83'
386 1083 495 1157 boles
532 1084 618 1183 eius
662 1080 755 1154 cum
792 1083 939 1156 Danais
978 1083 1096 1158 latam
1131 1087 1241 1161 illam
1279 1093 1416 1189 conti-¹

385 1217 544 1276 nentem
594 1202 810 1298 accepisset.
886 1208 1000 1302 Tunc
1051 1207 1159 1280 enim
1201 1236 1224 1283 e
1263 1238 1396 1314 magna·

384 1321 635 1420 egredientur
662 1322 952 1397 Lacedaemone
981 1328 1208 1427 Argiuoque
1241 1335 1334 1409 sinu
1361 1353 1415 1410 et.

385 1443 577 1544 Mycenis.
649 1449 770 1519 Nunc
800 1469 897 1519 vero
928 1429 1228 1552 peregrinarum
1260 1458 1390 1565 mulie·

383 1591 476 1640 rum
491 1562 731 1662 amplexibus
744 1559 1007 1665 (Euphenius)
1022 1569 1267 1663 praeclarum
1283 1561 1390 1652 susci·

382 1689 465 1786 piet
484 1710 607 1786 genus
631 1685 862 1781 (virorum)
887 1687 1018 1782 quiin
1040 1687 1185 1768 hancce
1206 1688 1422 1773 beneficio

218 1896 222 1905 ⁴
318 1850 322 1856 ·
382 1808 550 1883 deorum
566 1807 737 1879 insulam
753 1806 955 1882 venientes
971 1810 1145 1908 genituri
1162 1818 1388 1908 smtv1rum
1420 1788 1422 1897 l

382 1953 613 2029 camporum
649 1927 857 2028 nigrorum
900 1928 1132 2019 dominum,
1172 1939 1422 2034 (Battumg)
1420 1910 1422 1999 l

382 2077 503 2148 quem
529 2048 688 2146 quidem
714 2050 825 2122 auri·
835 2047 962 2125 diuite
987 2050 1244 2148 aliquando
1230 2082 1278 2131 m
1306 2060 1389 2134 aede
1419 2072 1422 2101 ¹

323 2212 326 2217 ’
381 2172 563 2251 Phoebus
579 2171 803 2245 admonebit
819 2173 1185 2271 oraculisPythium
1201 2183 1388 2279 templum

139 2331 145 2342 ·
253 2276 321 2334 ΛΜ·
341 2291 618 2395 ³·ingressum:
670 2335 718 2347 -
769 2307 813 2364 vt
844 2307 1020 2427 tempore
1050 2297 1196 2370 seriore
1227 2303 1389 2377 nauibus

289 2363 334 2422 97
353 2417 528 2490 multos
542 2413 707 2487 deducat
723 2413 811 2488 Nili
828 2411 934 2486 ad
894 2438 1041 2512 pingue
1060 2418 1256 2516 templum
1268 2427 1390 2498 Satur·

379 2540 449 2613 nii.
502 2541 594 2612 Erat
609 2537 704 2609 haec
719 2533 886 2609 Medeae
901 2533 1116 2608 verborum
1136 2540 1265 2615 series.
1321 2545 1389 2620 Ob·

380 2674 620 2758 stupuerunt
640 2681 735 2730 vero
759 2655 918 2729 immoti
938 2654 1093 2728 silentio
1109 2657 1251 2735 heroes
1267 2661 1388 2740 diuini

271 2794 275 2801 '
302 2762 306 2769 ¹
378 2779 629 2857 reconditum
648 2778 879 2852 vaticinium
895 2774 1107 2849 audientes.
1160 2783 1219 2855 Te
1235 2808 1344 2874 vero,
1368 2809 1388 2860 ο

377 2905 490 2978 beate
515 2898 572 2974 lili
587 2899 850 2998 Polymnesti,
888 2894 965 2968 hoc
984 2920 1162 2969 sermone
1182 2894 1387 2978 oraculum

378 3026 500 3101 erexit
517 3017 948 3117 sacerdotisDelphicae
964 3033 1103 3114 sponte
1120 3015 1274 3094 editum
1279 3048 1386 3121 ,quae
1421 3104 1422 3109 ,

347 3196 352 3205 ·
377 3159 417 3216 te
442 3145 592 3216 saluere
615 3157 675 3243 ter
696 3164 786 3213 cum
815 3136 1009 3224 iussisset,
1048 3135 1130 3212 fato
1154 3137 1383 3219 destinatum

268 3272 321 3345 Ep
336 3285 362 3340 a
378 3289 509 3362 legem
529 3234 740 3335 declarauit
757 3264 946 3359 Cymaea,
999 3301 1047 3312 -
1098 3258 1198 3334 dum
1211 3277 1259 3338 tu
1276 3266 1381 3341 inter·

321 3364 563 3485 ¹‘:.rogabas
582 3379 784 3477 quomodo
804 3377 991 3478 impedita
1008 3377 1163 3476 loquela
1180 3385 1288 3460 solui
1302 3386 1379 3460 deo·
1420 3378 1423 3424 ³

375 3533 469 3581 rum
490 3501 679 3579 benelicio
695 3514 837 3598 posset.
890 3501 1164 3596 Vtiqueetiam
1183 3528 1305 3596 nunc,
1318 3530 1377 3582 ceu
1418 3485 1423 3545 β

375 3618 767 3723 floribus-purpurei
783 3619 887 3693 veris
909 3622 951 3693 in
969 3623 1124 3721 vigore,
1149 3624 1257 3701 inter
1271 3629 1375 3705 huius
1417 3616 1421 3664 ἶ

375 3747 512 3844 (Batti)
528 3759 703 3844 posteros
721 3755 858 3813 octaua
879 3738 995 3816 floret
1021 3749 1251 3845 progenies,
1277 3755 1375 3826 Arce·
1417 3741 1423 3786 ³

310 3868 317 3880 ’
374 3867 511 3942 silaus:
546 3866 611 3940 cui
632 3863 771 3962 Apollo
789 3863 997 3961 Pythoque
1018 3866 1183 3967 gloriam
1208 3893 1283 3966 per
1301 3873 1375 3943 Am·

373 3989 605 4088 phictyonas
630 3985 811 4084 praebuit
837 4008 1003 4093 cursus.¹
1048 3993 1146 4087 xEgo
1172 4013 1270 4064 vem
1295 4013 1375 4064 eum
1419 3982 1423 4024 ³

373 4110 505 4185 Musis
536 4107 684 4181 tradam
711 4122 749 4181 et
775 4131 941 4181 aureum
967 4110 1095 4183 vellus
1116 4110 1259 4185 arietis.
1328 4106 1375 4187 Ad
1419 4100 1423 4126 ¹

373 4227 477 4304 illud
491 4229 597 4305 enim
612 4228 712 4304 dum
727 4229 963 4330 nauigabant
978 4233 1158 4330 Minyae,
1194 4230 1375 4308 diuinitus

1209 4423 1211 4426 .
1283 4352 1377 4430 missi
