3092 5142
363 530 439 622 136
596 620 598 635 ι
621 520 784 601 Isthmia.
810 509 813 514 ’
853 463 1017 600 Carmen¹
1039 518 1110 604 Ill.
1134 467 1142 624 »Ι

256 723 345 796 Epod-
358 720 565 800 Nenuuc,
585 711 619 786 si
635 710 803 809 *quidem
826 710 956 786 inuidi
982 735 1115 787 sensus
1140 716 1368 810 mortalium

267 793 345 865 Μ’
360 853 513 913 mentes
528 829 717 920 obsident,
727 856 857 929 neque
868 833 1056 906 virtutem
1067 809 1175 910 sileat
1183 840 1370 938 (Thrasy-

252 950 254 954 ’
328 958 331 964 ’
358 957 493 1051 bulus)
510 969 722 1054 paternam,
743 977 871 1050 neque
891 952 1008 1028 hosce
1029 954 1220 1052 hymnos;
1248 979 1370 1059 quan·

243 1085 245 1090 ’
359 1072 574 1176 doquidem
604 1097 704 1161 non,
739 1089 783 1146 vt
807 1075 931 1149 otiose
957 1077 1174 1173 quiescant,
1208 1103 1278 1152 eos
1299 1081 1371 1153 ela·

309 1293 312 1302 ¹
359 1196 510 1274 boraui.
573 1200 699 1283 Haec,
738 1196 971 1295 Nicasippe,
1004 1221 1172 1296 expone,
1214 1202 1371 1296 quando

361 1318 411 1394 ad
431 1303 627 1416 hospitem
651 1313 1045 1391 meum-familiarem
1067 1321 1232 1395 veneris.

710 1786 919 1877 lsruru.
952 1787 1016 1859 111.
1102 1812 1104 1817 ·

455 1931 823 2057 Manrsso'
855 1910 1279 2057 ¹Trrnuarto.

505 2134 507 2140 ·
755 2116 993 2214 quadrigas.

256 2305 311 2361 aa.
325 2323 349 2361 ι.
365 2251 419 2359 Si
440 2281 528 2380 quis
546 2281 777 2371 hominum,
803 2279 1194 2356 felicitatem-nactus
1216 2297 1287 2356 aut
1306 2307 1372 2381 per

351 2401 532 2476 ‘illustria
558 2404 767 2477 certamina
790 2418 859 2479 aut
879 2405 922 2476 vi
949 2401 1198 2491 diuitiarum,
1220 2402 1373 2477 cohibet

364 2524 496 2596 animo
519 2537 659 2595 tetram
679 2524 943 2613 insolentiam
969 2523 1111 2624 dignus
1133 2524 1167 2596 is
1191 2537 1249 2596 est
1270 2547 1374 2622 prae·

365 2644 478 2717 conia
508 2643 660 2717 ciuium
693 2641 865 2742 adipisci.
939 2650 973 2722 Ο
1010 2645 1178 2743 Iupiter,
1213 2669 1374 2743 magnae

364 2765 472 2837 enim
491 2764 657 2836 virtutes
680 2764 911 2841 mortalibus
934 2767 1167 2864 contingunt
1187 2761 1375 2837 beneficio

365 2901 448 2975 tuo,
475 2886 658 2980 viuitque
678 2881 908 2959 diuturnior
929 2886 1091 2961 felicitas
1109 2881 1375 2958 reuerentium

364 3010 442 3103 (te,
465 2988 672 3105 vpiorum);
710 3005 907 3103 peruersis
940 3034 1037 3082 vero
1068 3004 1267 3086 mentibus
1297 3028 1376 3078 non

237 3149 350 3206 Anan.
365 3150 487 3227 aeque
519 3142 713 3224 perpetuo
747 3121 892 3198 florens
922 3127 1038 3202 adest.
1102 3169 1149 3183 -
1230 3125 1374 3199 Inclitis

364 3273 460 3321 vero
486 3245 724 3321 facinoribus
748 3252 836 3339 (vt)
863 3271 931 3320 sua
954 3249 1125 3348 praemia
1149 3246 1374 3343 (constent)

246 3415 254 3438 ,
365 3366 422 3441 las
442 3383 498 3440 est
522 3367 714 3442 celebrare
729 3359 863 3442 virum
885 3385 1111 3456 strenuum,
1136 3364 1274 3462 fasque
1290 3347 1377 3440 cho·

364 3487 689 3564 reas-ducentem
711 3486 862 3561 blandis
884 3487 1044 3584 hymnis
1066 3488 1262 3562 extollere.
1316 3493 1378 3562 Est

365 3634 459 3684 vero
484 3624 522 3681 et
545 3608 798 3707 geminorum
822 3609 1081 3681 certaminum
1099 3609 1264 3684 Melisso
1288 3633 1379 3700 sors,

367 3755 466 3826 quae
483 3729 531 3802 ad
547 3728 784 3802 hilaritatem
800 3743 1002 3802 conuertat
1020 3728 1177 3803 dulcem
1197 3755 1267 3804 cor
1279 3737 1381 3831 (par-

365 3850 463 3944 tim)
499 3851 543 3923 in
574 3848 820 3922 conuallibus
850 3847 990 3922 Isthmi
1021 3848 1163 3949 adepto
1201 3877 1383 3950 coronas;

366 3971 511 4071 partim
535 3969 663 4067 (cum)
685 3971 728 4042 in
746 3993 845 4042 cauo
863 3967 990 4041 leonis
1007 3970 1203 4067 pectorosi
1218 3998 1384 4046 nemore

262 4122 352 4195 [poa.
368 4091 626 4191 proclamauit
640 4092 804 4183 Theben
834 4130 880 4145 -
918 4070 1036 4160 cursu
1053 4092 1225 4186 equestri
1243 4093 1383 4168 victor.

284 4210 328 4248 ²¹·
367 4217 401 4288 A
427 4210 641 4286 maioribus
664 4226 796 4286 autem
822 4208 1068 4306 congenitam
1095 4212 1170 4287 sibi
1194 4216 1388 4289 virtutem

1305 4360 1388 4408 non
