3092 5142
379 529 429 610 58
812 516 974 643 Pythia..
1005 581 1007 584 ψ

654 1014 658 1025 ¹
737 856 909 995 arria
943 926 1006 998 tv.
1102 916 1103 920 ‘

369 1141 374 1146 -
439 1041 862 1229 ’Aaoasruao
907 1108 1303 1208 craaNAao.
1389 1087 1393 1094 ’

798 1250 938 1326 Curru.

258 1416 315 1474 ⁸²*
332 1436 355 1472 ¹·
370 1401 519 1508 Hodie
542 1452 695 1534 oportet
721 1453 776 1511 te
783 1436 871 1510 viro
894 1437 1020 1511 amico
1043 1436 1195 1530 adesse,
1222 1444 1377 1519 bellico·

369 1579 431 1627 sae
452 1554 536 1654 regi
556 1558 744 1652 Cyrenes,
771 1571 814 1628 vt
834 1578 1045 1652 pompam-
1054 1575 1191 1654 agente
1208 1576 1301 1642 curn
1314 1565 1378 1635 Ar·

369 1677 528 1764 cesilao,
549 1694 579 1750 ὀ
590 1680 726 1772 Musa,
753 1675 925 1748 Latoidis
942 1673 1121 1754 debitum
1136 1681 1378 1780 Delphisque

247 1810 254 1838 ⁴
368 1798 557 1874 secundes
575 1821 709 1894 auram
724 1795 935 1872 secundam
947 1799 1181 1891 carminum3
1203 1803 1274 1876 vbi
1284 1805 1378 1877 olim

330 1953 332 1957 >
358 1923 496 2003 ,aureis
510 1919 617 1994 Iouis
633 1917 772 2014 aquilis
792 1916 973 2006 residem,
995 1944 1077 1992 non
1092 1922 1248 1998 absente
1264 1927 1379 2024 Apol·

365 2042 468 2129 line,
490 2038 666 2115 sacerdos
682 2040 841 2113 oraculo
855 2039 994 2116 edixit:
1020 2047 1178 2133 Battum
1201 2043 1378 2119 condito·

364 2143 673 2260 rem.frugiierae
689 2159 849 2256 Libyae,
874 2185 977 2234 sacra
995 2163 1122 2237 insula
1135 2149 1214 2238 iarn
1232 2158 1376 2254 retic‘u,

365 2282 620 2358 conditurum
657 2282 1128 2387 curribus-praestantem
1161 2283 1302 2358 vrbem
1335 2287 1377 2359 in

142 2498 146 2515 ἢ
237 2414 349 2483 Aurae
363 2407 552 2490 albicante
573 2403 691 2477 vbere
706 2417 858 2505 terraet
903 2445 949 2458 -
1003 2419 1041 2478 et
1057 2404 1221 2479 Medeae
1242 2409 1377 2480 vatici·

362 2528 478 2603 nium
495 2526 732 2600 inanimum
751 2505 1034 2598 reuocaturum
1053 2550 1144 2605 cum
1160 2527 1327 2624 septima
1338 2543 1375 2602 et

359 2647 513 2733 ‘decima
549 2628 797 2746 generatione
826 2646 1069 2734 wTheraeum3
1102 2653 1241 2721 Aeetae
1265 2648 1374 2745 quod

357 2748 561 2866 'quondam
575 2769 824 2867 magnanima
837 2766 915 2841 filia
931 2765 1081 2842 efflauit
1097 2795 1144 2842 ex
1160 2769 1374 2845 immortali

362 2914 430 2978 ore
453 2889 585 2988 regina
605 2890 852 2965 Colchorum.
919 2889 1032 2962 Dixit
1061 2906 1157 2962 vero
1179 2885 1236 2959 sic
1259 2891 1373 2963 semi·

361 3011 444 3085 deis
463 3008 609 3084 Iasonis
635 3007 808 3082 bellicosi
829 3009 976 3083 nautis:
1011 3008 1167 3097 Audite,
1192 3007 1266 3083 filii
1294 3011 1371 3086 for·

359 3135 464 3207 tium
483 3132 662 3210 virorum
688 3127 954 3226 deorumque:
992 3135 1065 3212 Aio
1083 3131 1207 3219 enim,
1231 3159 1279 3206 ex
1304 3134 1371 3207 hac

358 3255 558 3351 mariuaga
576 3249 785 3345 aliquando
801 3252 1072 3353 terraEpaphi
1086 3251 1207 3327 filiam
1226 3254 1369 3351 planta·

243 3414 245 3425 ·
357 3392 489 3453 turam
507 3398 588 3448 esse
609 3373 770 3446 arbium
794 3373 956 3482 stirpem
974 3374 1206 3447 mortalibus
1231 3398 1367 3463 caram,

230 3503 284 3578 Ep
300 3519 343 3578 29
358 3499 492 3581 louis
482 3523 523 3570 tn
545 3493 747 3568 Ammonis
763 3491 930 3567 sedibus.
979 3538 1026 3551 —
1076 3496 1368 3595 Delphinesque

310 3648 314 3663 ¹
339 3620 530 3697 breuiter
556 3617 673 3689 alatos
707 3595 931 3712 (pinnatos)
962 3618 1074 3714 equis
1104 3631 1367 3717 permutantes

337 3829 338 3834 ἵ
357 3741 579 3826 velocibus,
604 3736 772 3812 habenas
793 3760 867 3833 pro
886 3740 1004 3812 remis
1025 3756 1063 3813 et
1077 3762 1215 3811 currus
1231 3740 1367 3837 guber·

229 3893 233 3898 ·
356 3833 809 3960 nabuutprocellipedes.
864 3855 967 3929 Illud
985 3860 1196 3957 augurium
1213 3863 1368 3935 eueniet

358 3982 522 4074 (exitum
538 3978 723 4068 habebit),
748 3993 792 4048 vt
807 4001 1036 4075 magnarum
1052 3980 1213 4056 vrbium
1227 4000 1368 4057 metro·

356 4101 461 4201 polis.
475 4100 602 4185 Thera
627 4098 702 4186 fiat,
729 4095 837 4193 quod
855 4095 951 4168 olim
972 4101 1189 4175 Tritonidis
1206 4100 1255 4175 ad
1274 4105 1369 4199 ostia

356 4220 511 4327 paludis
527 4245 548 4299 a
565 4221 640 4298 deo
663 4220 820 4297 homini
837 4218 1061 4304 assimulato
1089 4236 1232 4301 terram
1255 4225 1368 4305 dante

1301 4371 1369 4450 Ill'O
