3092 5142
370 477 426 569 64
805 468 948 573 Pythia

367 677 408 736 et
428 676 481 751 te,
502 661 676 761 legitime
692 661 876 737 fraenatis
892 662 1105 750 affectibus,
1127 679 1259 740 texere
1275 663 1379 744 futu·
1402 730 1404 734 .

367 808 453 856 rain
475 788 687 879 (nostram)
712 784 949 858 felicitatem.
1017 785 1163 860 Scienti
1183 788 1258 861 tibi
1280 788 1375 866 dico.

368 909 452 979 Vna
478 906 624 979 mulier
647 904 883 1000 Cretheique
905 903 1129 978 materfuit
1150 923 1189 982 et
1211 909 1380 985 audacis-

274 1038 282 1053 ‘
368 1026 533 1099 consilio
554 1027 769 1113 Sahnonei;
795 1027 909 1099 tertia
928 1052 1025 1100 vero
1042 1032 1295 1126 generatione
1311 1056 1379 1106 nos

367 1148 553 1247 deinceps
571 1147 713 1220 abillis
732 1146 804 1219 sati
823 1148 949 1222 robur
967 1150 1060 1224 solis
1075 1175 1240 1225 aureum
1259 1153 1379 1226 cerni·

363 1297 469 1375 inus
520 1277 661 1346 Parcae
682 1283 818 1340 autem
835 1287 1078 1360 auersantur,
1103 1273 1138 1346 si
1154 1297 1232 1368 qua
1248 1273 1380 1347 simul·

367 1408 425 1466 tas
453 1389 660 1465 intercedit
690 1391 883 1489 cognatis,
915 1391 1069 1489 pudore
1094 1363 1253 1492 (pietate
1279 1395 1380 1469 iuter

240 1520 308 1577 lut·
326 1534 354 1584 7·
369 1522 451 1606 eos)
479 1515 662 1588 extincto.
714 1554 763 1567 -
814 1516 912 1588 Non
936 1511 1046 1587 decet
1072 1538 1145 1588 nos
1165 1513 1276 1589 duos
1305 1541 1380 1590 aes·

271 1590 335 1647 ’δι’
367 1635 663 1737 penetrantibus
677 1633 817 1732 gladiis
838 1652 907 1708 ant
927 1637 1064 1710 iaculis
1082 1661 1240 1736 magnas
1260 1639 1380 1712 maio-

366 1784 459 1832 rum
487 1782 582 1857 opes
607 1757 757 1857 partiri
821 1760 929 1831 Oues
953 1760 1103 1856 quippe
1135 1758 1210 1832 tibi
1237 1784 1313 1858 ego
1344 1775 1381 1833 et

365 1880 492 1954 boum
513 1877 639 1954 flauos
660 1903 796 1978 greges
819 1879 1002 1975 relinquo
1019 1903 1210 1979 agrosque
1231 1904 1378 1966 omnes,

367 2026 468 2100 quos
493 2003 639 2076 ablatos
664 2004 763 2074 meis
785 2001 1011 2100 parentibus
1037 1997 1265 2098 depasceris,
1289 2022 1380 2096 opes

366 2140 455 2203 tuas
479 2125 595 2198 alens.
647 2128 789 2219 Neque
813 2148 879 2196 me
902 2126 1022 2221 angit,
1046 2118 1156 2219 quod
1175 2136 1286 2194 tuam
1314 2118 1410 2194 do-·

366 2271 483 2321 mum
514 2247 611 2320 haec
640 2245 752 2319 valde
783 2240 1029 2344 amplificant
1082 2239 1158 2318 Sed
1180 2257 1379 2339 sceptrum

366 2368 525 2467 regium
541 2384 579 2441 et
594 2366 801 2454 thronum,¹
814 2368 880 2439 cui
898 2367 995 2440 olim
1004 2355 1210 2462 Crethide's
1221 2367 1378 2455 (Aeson)

366 2487 541 2564 insidens
556 2489 799 2584 equestrium
813 2486 1000 2588 dirigebat
1018 2485 1261 2584 populorum
1278 2487 1379 2572 iura;

265 2614 353 2686 ΕΜ·
367 2609 463 2683 haec
479 2607 641 2707 quidem
659 2609 744 2682 sine
759 2608 963 2682 communi
979 2607 1155 2682 molestia
1178 2619 1234 2703 “-,
1259 2604 1379 2681 redde

272 2697 335 2755 ²⁷5
366 2730 500 2820 nobis,
529 2756 579 2804 ne
605 2730 715 2826 quod
736 2732 897 2830 grauius
922 2729 1015 2804 inde
1038 2728 1109 2801 tibi
1132 2726 1277 2801 excites
1302 2751 1380 2801 ma·

366 2854 462 2927 lum.
527 2852 590 2928 Sic
613 2853 749 2947 vtique
769 2850 878 2924 dixit.
937 2848 1091 2925 Placide
1112 2864 1244 2923 autem
1265 2849 1378 2923 vicis·
1421 2858 1422 2867 ’

366 2975 441 3048 sim
464 2973 655 3046 allocutus
678 2989 735 3046 est
759 2998 854 3046 eum
875 2976 993 3045 etiam
1013 2973 1155 3045 Pelias:
1180 2975 1260 3043 Ero
1284 2970 1374 3044 talis

365 3092 441 3169 Sed
467 3093 545 3164 iam
572 3118 635 3165 me
662 3092 794 3166 senilis
818 3116 906 3190 pars
934 3095 1066 3167 aetatis
1087 3107 1219 3192 vrget;
1254 3092 1376 3185 (adest

356 3214 466 3288 enihi
495 3215 714 3306 senectus3)
747 3229 839 3287 tuae
862 3239 958 3286 vero
987 3215 1122 3287 aetatis
1153 3210 1227 3287 flos
1251 3213 1374 3288 adhuc
1407 3283 1410 3293 i

367 3336 493 3436 viget;
515 3350 704 3432 potesque
720 3333 873 3408 auferre
891 3336 989 3408 iram
1007 3334 1240 3441 inferorum.
1267 3324 1374 3410 Iubet
1414 3342 1422 3431 4}

366 3455 473 3532 enim
500 3454 667 3530 Phrixus
696 3451 918 3554 profectum
947 3457 996 3529 ad
1023 3462 1159 3532 Aeetae
1189 3457 1375 3531 thalamos
1420 3434 1422 3449 ¹

366 3603 477 3653 suam
502 3579 671 3651 animam
696 3575 822 3673 piare,
859 3578 1082 3676 pellemque
1107 3559 1237 3659 arietis
1267 3576 1375 3669 villo„-

366 3725 448 3775 sam
478 3699 650 3786 auferre,
688 3721 769 3793 quo
795 3695 892 3770 olim
917 3723 940 3771 e
963 3701 1064 3772 mari
1096 3715 1276 3775 seruatus
1301 3695 1375 3770 fuit

253 3825 309 3878 Str·
323 3832 349 3893 8·
368 3861 414 3873 -
465 3842 565 3914 eque
597 3818 790 3891 nouercae
820 3820 953 3919 impiis
987 3823 1084 3896 telis.
1142 3824 1249 3894 Haec
1279 3816 1376 3891 mihi
1418 3819 1422 3845 “

269 3905 331 3965 ²⁸⁸⁸
364 3938 513 4023 mirum
532 3924 735 4031 ‘somnium
754 3940 943 4040 allapsum
961 3941 1129 4016 mandat.
1181 3946 1267 4040 Ego
1285 3961 1376 4019 uero

242 4095 246 4104 ·
299 4072 303 4078 '
365 4058 570 4159 oraculum
600 4060 784 4134 consului
820 4064 925 4161 apud
957 4064 1180 4150 Castaliam,
1222 4061 1257 4136 si
1283 4057 1377 4158 quid

318 4274 327 4289 .
366 4181 558 4291 explorari
580 4198 708 4282 posset
716 4209 727 4274 3
753 4183 874 4284 idque
897 4186 1010 4260 iussit
1029 4211 1092 4263 rne
1116 4207 1243 4284 quani-
1262 4183 1378 4256 celer·
1416 4164 1422 4189 ¹

1282 4327 1379 4380 nme
