3092 5142
275 603 281 612 ,
311 588 314 592 ,
381 530 430 616 38
739 481 995 618 Olympia
1090 543 1092 551 ·

353 797 356 803 ‚
377 708 480 782 mihi
496 723 598 781 recta
616 707 824 806 linguam
812 708 948 784 incitat
964 704 1014 778 ad
1031 703 1282 785 dicendum.
1296 709 1390 787 Dif·

292 884 295 889 -
376 828 481 904 ficile
506 855 602 903 vero
630 844 687 902 est
713 829 836 902 celare
861 827 1057 926 ingenitos
1082 839 1224 906 mores.
1279 834 1394 929 Vobis

132 954 144 967 ‘
263 973 266 979 ·
377 951 521 1049 igitur,
547 951 635 1023 Filii
653 950 801 1036 aletae,
818 949 1061 1062 (Corinthii)
1080 974 1212 1076 saepe,
1236 952 1427 1027 tumn-1

379 1069 590 1143 storiarum
608 1069 724 1145 decus
745 1058 1024 1170 pr'aebuerunt
1029 1096 1179 1158 eorum,
1204 1073 1276 1166 qui
1293 1074 1401 1145 sum·
1426 1128 1427 1137 ι

324 1199 328 1207 ’
378 1189 453 1261 mis
474 1188 687 1264 virtutibus
713 1211 950 1290 superarunt
978 1193 1153 1278 sacrispin
1179 1193 1386 1267 certamini·
1417 1222 1427 1268 ι

378 1309 517 1397 nibus,
536 1327 648 1392 tum,
662 1315 804 1388 multas
826 1317 870 1387 in
902 1313 1018 1388 corda
1044 1313 1299 1385 immiserunt
1322 1314 1327 1332 ²
1341 1334 1383 1369 ··-
1416 1344 1427 1413 ι

275 1444 365 1516 Epoa.
379 1430 592 1514 hominum,
614 1434 792 1529 antiquas
815 1451 918 1508 artes
937 1441 1066 1509 Horae
1083 1436 1259 1508 multum
1270 1431 1384 1507 -llori
1401 1465 1427 1529 Ιι

171 1648 184 1657 .
287 1531 332 1587 ²⁵⁹
379 1550 461 1626 dae.
515 1557 643 1628 Omne
660 1578 755 1627 vero
771 1555 1111 1654 inuentorisopus
1135 1570 1192 1628 est
1216 1558 1315 1650 (tota
1335 1555 1427 1629 ini

378 1675 490 1747 venti
506 1675 589 1747 laus
609 1675 646 1746 ei
662 1673 855 1770 debetur).
909 1679 1048 1750 Bacchi
1060 1675 1163 1750 vnde
1181 1678 1278 1773 (nisi
1293 1661 1383 1750 aCo-
1416 1706 1427 1750 ι

274 1809 278 1814 ’
378 1796 554 1891 rinthiis)
577 1794 810 1895 prodierunt
833 1796 976 1894 hymni
997 1823 1089 1871 cum
1110 1791 1427 1895 'Dithyrambosi

357 1917 585 2014 .(victoriae
609 1915 848 2020 praemium)
873 1917 1019 1991 bouem
1045 1918 1236 2008 ducente?
1299 1917 1384 2018 Quis
1417 1950 1427 1992 ι

380 2036 685 2143 ιειοζθιιιιεειιιιι
700 2062 772 2135 per
788 2028 1067 2126 instrumenta,
1094 2062 1292 2132 equorum
1314 2062 1399 2145 mo·-
1418 2071 1427 2140 ᾖ

285 2218 290 2224 .
379 2157 603 2234 deraminaa
637 2173 705 2237 aut
730 2159 773 2230 in
800 2156 967 2239 deorum
981 2156 1156 2255 templis,
1183 2158 1383 2233 volucrum
1418 2194 1427 2263 3

359 2281 511 2378 'regem
537 2278 741 2377 geminum
767 2259 993 2378 (fastigium
1022 2277 1069 2349 ab
1094 2278 1223 2374 aquila
1247 2297 1385 2357 aetoma
1400 2293 1427 2350 '·.

380 2397 550 2506 dictum)
565 2401 792 2474 constituit?
839 2405 957 2476 Musa
971 2424 1065 2472 vero
1084 2424 1230 2474 suaue·
1213 2403 1383 2499 -spirans,
1422 2408 1427 2415 ’

380 2536 419 2594 et
454 2522 609 2596 Mars
598 2547 641 2594 ιιι
668 2547 712 2596 ea
737 2512 871 2610 floret,
922 2520 1120 2595 iuuenum
1153 2522 1196 2592 in
1225 2524 1386 2599 exitiosis
1422 2558 1427 2599 ,τ

143 2682 147 2687 -
215 2650 218 2657 “
269 2664 325 2720 ser
340 2676 366 2716 2.
381 2642 547 2743 praeliis.
602 2686 648 2698 -
703 2648 920 2732 Osumme,
934 2643 1035 2716 late·
1019 2640 1252 2753 dominans
1263 2646 1387 2744 Olym

288 2742 332 2806 ³4·
380 2765 479 2864 piae,
503 2789 553 2845 ne
571 2788 733 2839 auersus
753 2765 991 2838 carminibus
1009 2764 1072 2852 sis,
1099 2778 1137 2837 et
1153 2758 1225 2864 per
1243 2782 1386 2866 tempus

276 2927 279 2931 >
381 2911 517 2974 omne,
539 2881 690 2984 Iupiter
703 2893 838 2974 Pater,
861 2887 1014 2964 huncce
1029 2886 1226 2984 populum
1246 2888 1406 2979 incolu-¹

381 3034 488 3084 mem
502 3030 673 3096 samana,
681 3007 953 3108 Xenophontis
970 2995 1094 3104 dirige
1110 3004 1292 3080 fortunae
1308 3022 1404 3081 ven-³

380 3143 480 3209 tum.
540 3130 681 3228 Accipe
707 3129 827 3201 etiam
853 3129 939 3201 eius
963 3152 1197 3209 coronarum
1223 3127 1389 3202 laudato·

325 3276 330 3285 ·
381 3248 489 3321 rium
514 3271 688 3339 carmen,
722 3249 831 3348 quod
851 3237 1025 3347 reportat
1047 3272 1095 3324 ex
1119 3251 1266 3346 campis
1291 3251 1391 3324 Pisae

381 3371 425 3443 in
445 3369 713 3466 quinquertio,
740 3359 938 3465 simulque
958 3368 1126 3442 stadii
1088 3389 1249 3443 v1ncens
1265 3394 1388 3444 cursu.
1408 3414 1410 3419 ·

381 3493 477 3566 Non
496 3506 727 3568 consecutus
744 3505 801 3564 est
819 3491 915 3562 haec
930 3489 1104 3563 mortalis
1123 3513 1326 3586 nmquam
1333 3490 1392 3563 ali·

142 3675 149 3682 .
267 3613 372 3675 Anam
361 3613 472 3709 quis
489 3628 609 3686 antea.
654 3655 700 3667 -·
727 3612 946 3706 Duoque
935 3635 1066 3710 1psum
1084 3627 1265 3683 texerunt
1279 3612 1412 3709 plexu·

132 3741 134 3747 ’
230 3797 233 3802 .
289 3693 353 3762 4⁵
382 3749 483 3808 serta
505 3735 585 3833 apii
607 3735 651 3806 in
669 3730 944 3807 Isthmiadibus
966 3699 1240 3829 prodeunteni,
1266 3753 1395 3828 nequa

210 3834 216 3855 ⁴
381 3859 532 3930 Nemea
554 3853 798 3954 refragantur
827 3855 888 3950 (in
908 3853 1071 3927 Nemeis
1097 3851 1203 3926 idem
1229 3837 1392 3946 euenit)

259 3977 263 3984 ’
382 3978 504 4052 Patris
529 3993 661 4050 autem
680 3977 854 4052 Thessali
876 3972 926 4045 ad
946 3973 1086 4072 Alphei
1108 3970 1258 4045 fluenta
1281 3970 1415 4085 decus⁸

278 4118 280 4122 ’
380 4095 531 4198 pedum
557 4093 879 4196 repositum'esn
913 4097 1069 4191 (cursus
1094 4094 1289 4167 memoria
1304 4118 1397 4197 ·cou·

321 4291 349 4311 ,.
382 4235 525 4300 sectata
540 4221 634 4321 ειη)
658 4217 1138 4325 Delphisquereportauit
1152 4213 1269 4290 stadii
1278 4217 1409 4290 victo·

1300 4361 1397 4415 nam
