3092 5142
525 479 686 558 Carmen
715 475 783 557 lv.
1108 483 1156 572 63

144 702 230 752 non
243 661 492 774 peregrinam
509 673 602 744 veni
615 671 657 743 in
670 684 814 743 terram
832 647 1013 742 alioruin.
1066 673 1165 743 Cen-

144 816 288 872 taurus
320 819 415 867 vero
453 818 518 865 me
550 791 712 865 diuinus
747 795 923 863 Iasonem
954 789 1163 862 nominans

145 916 372 1016 appellauit.
425 915 488 991 Sic
506 912 614 986 dixit.
668 916 793 1008 Atque
813 910 928 983 illum
944 911 1163 1007 ingressum

147 1039 314 1138 agnouit
330 1038 469 1111 oculus
484 1037 619 1135 patris3
641 1035 805 1127 eiusque
820 1057 867 1102 ex
882 1030 1069 1137 senilibus
1082 1031 1168 1128 pala·

146 1160 301 1260 pebris-
325 1156 564 1233 ebullierunt
599 1154 777 1227 lacrimae
787 1174 798 1240 ;
847 1174 919 1225 suo
953 1153 995 1223 in
1030 1154 1162 1237 animo

147 1278 471 1378 quandoquidem
495 1277 653 1376 gauisus
671 1292 727 1349 est
749 1274 906 1361 eximie,
928 1271 1054 1347 filium
1072 1300 1164 1348 cum

147 1401 305 1476 videret
343 1401 641 1499 pulcerrimum
666 1396 888 1503 hominum.
951 1438 997 1452 -
1056 1403 1161 1470 Tum
1177 1384 1312 1515 Am.

149 1520 290 1594 fratres
316 1522 477 1596 Aesonis
504 1519 553 1593 ad
581 1543 646 1592 eos
670 1517 1026 1615 ambovenerunt,
1056 1518 1163 1592 illius

149 1642 209 1716 ad'
227 1641 390 1715 famam:
417 1667 463 1714 ex
489 1641 714 1738 propinquo
734 1621 895 1733 quidem
916 1641 1058 1713 Pheres
1077 1639 1164 1713 fon·
1240 1696 1248 1702 .-

152 1778 232 1838 tem
260 1762 531 1862 Hypereidem
555 1762 755 1856 linquens3
793 1785 839 1832 ex
864 1752 1045 1835 Messene
1068 1787 1163 1834 vero

151 1885 397 1982 Amythaon;
421 1886 550 1956 statim
568 1884 685 1957 etiam
703 1880 887 1954 Admetus
902 1884 1012 1956 venit
1026 1898 1065 1956 et
1076 1888 1176 1958 Me·

153 2007 308 2104 lampus
324 2005 501 2080 lubentes
518 2004 565 2077 ad
584 2002 809 2103 patruelem.
864 2005 1052 2078 Conuiuii
1069 2030 1163 2078 vero

152 2151 319 2200 munere
336 2151 427 2200 cum
445 2125 725 2199 amicis'verbis
743 2150 809 2199 eos
828 2126 1023 2223 excipiens
1038 2130 1162 2216 Iason,

153 2247 421 2344 (muneribus)
437 2245 691 2343 hospitalibus
710 2247 1037 2321 conuenientibus
1056 2272 1165 2346 prae-

153 2366 244 2441 bitis
277 2391 437 2441 omnem
466 2365 702 2459 hilaritatem
734 2368 921 2456 intendit,
967 2393 1037 2468 per
1067 2384 1165 2442 totas
1196 2454 1199 2465 Ι

156 2489 335 2585 quinque
364 2486 586 2585 decerpens,
604 2504 736 2589 noctes
766 2505 881 2584 atque
907 2489 989 2563 dies
1013 2516 1163 2564 sacrum
1194 2470 1196 2475 ⁵

156 2610 324 2683 laetitiae
342 2606 479 2682 florem
487 2634 498 2697 ;
525 2710 527 2713 1
551 2651 599 2665 -
651 2625 689 2680 at
709 2625 815 2682 sexto
838 2609 901 2684 die
923 2635 1081 2684 omnem
1101 2601 1269 2731 ille‘f2l'·⁶·

156 2731 201 2803 ab
230 2730 349 2802 initio
376 2730 524 2813 serium
554 2753 774 2806 sermonem
804 2735 1051 2829 propositum
1077 2761 1169 2808 cum
1211 2685 1271 2746 ὄψ’

157 2852 457 2951 consanguineis
485 2852 805 2925 communicauit.
858 2854 919 2926 llli
941 2879 1037 2928 vero
1060 2856 1193 2930 obse··

157 2974 277 3073 quuti
304 2988 404 3046 sunt.
463 2973 602 3048 Statim
628 2994 725 3045 nero
750 2997 800 3061 ¹en
828 2964 984 3048 sedibus
1013 2980 1171 3074 proruit
1233 2962 1290 3057 s,

157 3121 251 3171 cum
277 3095 364 3168 illis.
428 3099 477 3167 Et
501 3110 695 3197 venerunt
718 3091 768 3166 ad
794 3082 907 3167 aedes
923 3097 1081 3186 Peliae,
1116 3101 1170 3173 ir-

155 3214 394 3311 ruentesque
424 3215 690 3287 constiterunt.
765 3217 828 3288 De
861 3216 917 3288 iis¹
943 3242 1038 3291 vero
1077 3245 1170 3295 cum

156 3337 350 3424 audisset,
382 3334 648 3434 ipseobuiam
677 3336 865 3432 processit
888 3343 1018 3435 Tyrus
1043 3366 1171 3414 coma·
1277 3404 1280 3423 ,

156 3455 478 3534 rum-studiosae
500 3453 613 3528 filius.
676 3454 877 3527 Placidum
903 3468 1032 3531 autem
1058 3466 1171 3537 Iason

157 3580 273 3654 molli
294 3576 558 3669 voce-stillans
585 3598 805 3649 sermonem
827 3578 918 3652 iecit
939 3578 1172 3657 fundamen-

156 3715 245 3774 tum
271 3699 491 3795 sapientum
516 3697 750 3770 verborum:
791 3698 865 3771 Fili
894 3705 1074 3800 Neptuni
1102 3713 1172 3780 Pe·

156 3821 267 3907 traei,
311 3859 357 3875 ..‚
410 3831 501 3890 sunt
522 3817 683 3912 quidem
708 3817 918 3912 hominum
943 3843 1090 3900 mentes
1107 3840 1282 3916 κιρ-ἐτη.

157 3941 325 4014 lociores
360 3935 409 4009 ad
441 3938 649 4009 vulturem
678 3937 967 4016 fraudulentam
1001 3949 1171 4027 iustitiae
1204 3929 1281 3993 ²4⁷⁰·

155 4057 470 4160 praeferendam,
489 4084 581 4158 cunr
600 4075 731 4131 tamen
755 4058 803 4167 ad
822 4086 1002 4160 aspe1um
1023 4069 1097 4142 sibi
1117 4075 1172 4147 sic

154 4185 261 4257 viam
285 4205 422 4281 parare
451 4181 600 4262 soleant
627 4180 788 4255 exitum
848 4188 898 4257 At
925 4210 990 4262 me
1015 4209 1171 4290 oportet

1132 4331 1171 4390 et
