3092 5142
1249 492 1258 521 ἒ

171 527 175 536 “
299 532 307 562 ’
356 537 407 592 aa
752 507 966 610 ¹Olympia.

354 708 452 781 Ioue
470 718 576 777 ortos
595 726 636 777 se
651 703 889 802 gloriantur;
916 713 1087 772 materna
1106 724 1201 773 vero
1223 697 1319 776 inde
1331 698 1374 774 ab

356 823 594 923 Astydamea
610 838 702 895 sunt
721 820 1012 920 Amyntoridae.
1078 819 1256 894 Pendent
1283 846 1374 894 vero

359 946 459 1019 circa
473 945 686 1019 hominum
700 959 850 1018 mentes
868 944 1069 1016 innumeri
1088 967 1250 1030 errores,
1279 940 1375 1016 diffi-

215 1073 301 1131 ,Ana
319 1085 345 1126 2·
360 1067 513 1164 cileque
532 1081 589 1140 est
610 1063 789 1160 adsequi,
844 1106 886 1117 -·
942 1077 998 1148 vt,
1024 1087 1123 1158 quae
1142 1089 1250 1137 nunc
1275 1064 1376 1138 adest

268 1152 313 1217 4⁷⁸
360 1185 543 1277 felicitas,
570 1184 704 1259 eadem
719 1180 768 1254 ad
786 1198 957 1260 mortem
972 1208 1094 1278 vsque
1112 1183 1267 1256 homini
1286 1208 1373 1256 con·

360 1309 494 1408 tingat.
547 1306 704 1380 Etenim
721 1305 926 1378 Alcmenae
944 1303 1105 1381 fratrem
1123 1305 1376 1392 notlrum,Li·

364 1427 581 1526 cymnium,
606 1450 627 1498 e
643 1424 801 1500 Mideae
815 1426 982 1498 thalamo
997 1429 1234 1513 venientem,
1259 1426 1376 1502 durae

301 1580 318 1601 ²
364 1551 472 1625 oleae
489 1564 640 1646 sceptro
658 1549 879 1646 percutiens
894 1546 1037 1620 occidit
1049 1549 1243 1648 Tirynthe
1261 1548 1376 1621 huius

366 1669 463 1744 olim
478 1684 603 1742 terrae
625 1667 807 1741 conditor
827 1667 1116 1766 (Tlepolemus)
1131 1670 1264 1741 iratus.
1321 1669 1375 1744 Sic

364 1789 508 1866 mentis
533 1788 848 1888 perturbationes
884 1813 1084 1862 occaecare
1111 1791 1237 1864 solent
1264 1792 1376 1864 etiam

1413 1487 1416 1624 l

366 1912 592 2016 sapientem
647 1911 861 1985 Oraculum
884 1924 1016 1981 autem
1033 1913 1165 2008 petiit,
1192 1910 1242 1984 ad
1262 1911 1375 1986 deum
1415 1958 1417 1962 >

257 2042 309 2112 Ep,
325 2051 351 2094 2·
366 2028 585 2132 profectost
639 2072 685 2085 -
738 2046 904 2128 tumque
917 2031 1149 2106 Auricomus
1167 2033 1269 2106 bene
1288 2032 1375 2107 odo·
1413 2041 1416 2083 :

274 2120 311 2185 58

312 2149 319 2166 ’
366 2168 451 2227 rato
470 2176 517 2224 ex
541 2147 660 2248 adyto
685 2149 798 2222 iussit
821 2175 917 2223 eumv
932 2153 1106 2224 Lernaeo
1133 2178 1154 2224 a
1175 2155 1294 2228 li'tore
1317 2180 1376 2226 na·
1412 2161 1416 2203 ³

365 2275 480 2349 vium
506 2273 662 2345 classem
689 2266 883 2342 deducere
911 2270 954 2341 in
978 2272 1181 2370 regionem
1206 2276 1375 2373 vndique
1411 2289 1417 2323 ³

188 2399 192 2409 ‘
366 2397 467 2472 mari
490 2395 673 2477 cinctam,
703 2389 772 2464 vbi
798 2390 999 2486 quondam
1023 2419 1187 2494 magnus
1215 2397 1375 2472 deorum
1412 2435 1417 2447 ·

365 2542 437 2593 rex
452 2515 580 2590 aureis
594 2496 786 2587 imbribus
803 2499 1034 2611 irrigauerat
1046 2517 1196 2607 vrbem,
1224 2519 1375 2617 quando
1413 2523 1416 2561 ²

366 2636 534 2714 Vulcani
549 2632 710 2720 artibus,
734 2657 854 2707 aeneo
870 2633 1051 2734 bipenni,
1076 2620 1264 2714 Minerua
1281 2668 1302 2716 e
1318 2665 1376 2740 pa·
1414 2645 1417 2677 ³

292 2849 293 2852 Ἴ
368 2757 438 2830 tris
461 2778 618 2830 summo
634 2756 782 2828 vertice
796 2756 1005 2853 prosiliens
1028 2760 1238 2836 vociferata
1253 2777 1310 2838 est
1325 2766 1377 2837 in·

369 2877 478 2978 genti
498 2877 691 2963 clamore,
738 2875 990 2974 Coelumque.
1008 2875 1166 2957 horruit
1191 2886 1316 2984 ipsam
1347 2900 1378 2959 et

155 2995 178 3050 Σ
241 2996 354 3118 θεοῦ·
369 3004 491 3074 Terra
508 3011 642 3069 mater.
697 3015 744 3048 -’-
798 2999 913 3068 Tunc
927 3001 1045 3074 etiam
1060 3003 1264 3106 adfulgens
1280 3032 1380 3081 mor·

276 3081 320 3135 ⁷⁸
368 3119 511 3195 talibus
535 3115 633 3190 deus
659 3116 951 3215 Hyperionides
969 3121 1158 3199 'futurum
1181 3127 1380 3199 mandauit

364 3232 576 3316 'obseruare
597 3238 807 3336 negotium
826 3236 916 3313 filiis
934 3244 1048 3318 carisi
1068 3266 1069 3269 ’
1089 3262 1133 3319 vt
1151 3247 1244 3321 deae
1266 3231 1381 3346 primi

369 3359 582 3436 conderent
601 3383 707 3431 aram
733 3361 1003 3458 conspicuam,
1040 3383 1079 3439 et
1093 3368 1171 3465 piis
1194 3370 1311 3442 sacris
1334 3367 1382 3440 fa·

369 3484 440 3558 ctis
457 3507 549 3556 cum
558 3479 680 3554 Patris
693 3479 872 3553 animum
889 3486 1260 3575 exhilararent,'tum
1273 3489 1383 3564 Puel-

369 3607 429 3679 lae
451 3601 708 3678 hastifremae.
761 3602 956 3676 Virtutem
982 3623 1126 3680 autem·
1141 3608 1305 3682 iniicere
1329 3633 1384 3684 so·

275 3812 277 3817 7
370 3727 424 3801 let
449 3740 487 3801 et
513 3724 748 3797 alacritatem
781 3723 1012 3805 hominibus
1045 3743 1135 3827 erga
1167 3729 1383 3827 prudenter

242 3851 309 3908 Am·
329 3859 356 3914 5·
371 3863 598 3924 monentem
630 3844 861 3918 reuerentia.
916 3891 965 3903 -
1024 3850 1100 3926 Sed
1129 3855 1385 3949 superuenire

148 3981 152 3990 “
248 4023 251 4029 -
278 3928 323 3990 82‘
371 3974 469 4048 solet
496 3966 687 4066 quaedam
706 3967 824 4041 etiam
852 3964 1066 4044 obliuionis
1090 3996 1137 4044 ex
1162 3972 1385 4073 improuiso

370 4094 495 4171 nubes
514 4109 552 4166 et
568 4087 696 4163 aufert
710 4112 758 4161 ex
773 4088 972 4162 mentibus
994 4115 1127 4165 rerum
1146 4095 1385 4193 agendarum

370 4231 516 4296 rectam
544 4212 661 4288 viam.
725 4207 885 4286 Etenim
921 4232 1004 4283 non
1043 4236 1175 4294 secum
1210 4212 1388 4316 gerentes

1213 4336 1392 4419 flammae
