3092 5142
287 526 343 602 40
518 493 525 517 '
692 491 965 623 ’Olympia'

201 787 206 793 Ι
287 688 401 792 gonis
431 694 623 788 Pegasum
649 689 750 762 circa
773 688 903 765 fontes
927 688 1104 766 fraenare
1129 693 1302 794 cupiens,

287 814 416 887 multa
436 837 527 885 sane
550 809 716 909 pertulit
734 826 836 897 ante,
859 834 979 906 quam
999 814 1036 884 ei
1057 816 1304 914 aureis-pha-¹

288 936 599 1009 letis-ornatum
616 929 799 1006 fraenum
818 932 931 1031 virgo
947 934 1067 1009 Pallas
1083 933 1235 1012 attulit:
1259 960 1302 1011 ex

290 1056 448 1130 somnio
473 1071 607 1126 autem
630 1052 760 1125 statim
779 1078 872 1124 vera
896 1079 958 1128 res
982 1073 1063 1128 erat
1085 1056 1298 1156 'euigilanti

290 1177 404 1280 Dixit
428 1173 689 1271 enim‘(dea:)
715 1177 879 1248 Dormis
900 1176 1062 1251 Aeolide
1084 1181 1178 1251 rex?
1231 1181 1301 1276 Age
1331 1236 1333 1244 ,

242 1297 595 1373 delinimentum
620 1286 698 1369 hoc
721 1310 902 1390 equestre
926 1299 1076 1394 accipe,
1103 1314 1141 1371 et
1167 1298 1301 1373 Domi·

291 1418 373 1495 tori
408 1415 524 1489 illud
548 1413 763 1489 sacrificans
800 1432 960 1491 taurum
998 1419 1173 1493 nitidum
1204 1422 1301 1520 patri

183 1516 239 1571 δ”·
199 1518 313 1641 4(
319 1539 538 1639 Neptuno)
570 1538 677 1610 oller.
739 1581 786 1594 --
847 1540 1111 1615 Caeruleum·
1121 1556 1301 1615 scutum
1316 1544 1319 1555 '

179 1713 181 1717 ν
292 1686 430 1761 gerens
455 1676 577 1733 noctu
602 1647 818 1737 dormienti
851 1663 890 1735 ei
919 1664 1039 1762 Virgo
1067 1664 1156 1734 talia
1178 1661 1300 1736 dicere

292 1783 375 1856 visa
399 1797 467 1858 est.
520 1774 673 1858 Exsiliit
695 1799 828 1856 autem
851 1801 959 1857 recto
980 1784 1092 1881 pede,
1116 1770 1301 1858 adiacens·

291 1929 372 2002 que
395 1928 524 2000 quum
548 1903 777 2002 arripuisset
801 1902 1049 2002 prodigium,
1084 1905 1305 2006 indigenam.

292 2044 422 2100 vatem
445 2023 618 2124 gaudens
642 2027 800 2099 accessit
817 2028 1049 2125 aperuitque
1074 2011 1308 2099 Coeranidae

294 2143 515 2243 (Polyido)
538 2169 698 2219 omnem
724 2165 916 2222 euentum
937 2150 1009 2236 rei,
1031 2146 1236 2243 quomodo
1260 2145 1320 2219 ad‘

247 2291 401 2340 aram
427 2265 523 2339 deae
543 2264 766 2349 dormiisset
791 2284 932 2354 noctu,
957 2293 1005 2340 ex
1028 2269 1162 2366 ipsius
1176 2268 1303 2366 (vatis)

294 2387 471 2474 monito;
494 2386 777 2486 quomodoque
802 2390 914 2463 sibi
902 2413 986 2487 1psa
1005 2389 1111 2462 louis
1127 2387 1306 2462 fulmina·
1328 2466 1334 2486 ,Ι

166 2484 280 2608 Λξζι4
295 2509 392 2584 toris
406 2506 484 2582 filia
499 2507 650 2583 dederit
695 2552 743 2566 -
794 2510 984 2584 ferociae·
992 2508 1231 2585 domitorem
1244 2512 1307 2585 dn·
1334 2500 1337 2521 ¹

285 2657 421 2707 vreum
446 2713 452 2719 ,
462 2632 639 2707 Somnio
672 2658 769 2707 vero
800 2657 921 2730 quam
945 2631 1149 2705 celerrime
1175 2654 1314 2730 parere

296 2751 411 2828 iussit
434 2753 575 2851 (vates)
596 2751 740 2850 ipsum,
765 2769 817 2840 et,
838 2769 1047 2851 postquam
1065 2752 1308 2852 praepotenti
1343 2798 1345 2813 ‹

295 2871 705 2971 robustum-pedibus
719 2888 882 2946 taurum
900 2890 1101 2947 mactasset
1108 2878 1309 2972 Neptuno,
1341 2906 1345 2961 a,

297 3011 497 3070 exstruere
514 2983 685 3087 equestri
700 3017 806 3066 aram
822 2995 951 3068 statim
967 2997 1186 3070 Mineruae.
1225 2999 1311 3081 Per·
1340 2978 1345 3039 :¹

297 3115 381 3191 ficit
404 3140 502 3190 vero
528 3111 695 3186 deorum
720 3114 898 3211 potentia
927 3113 1041 3187 facile
1072 3117 1191 3188 etiam
1214 3116 1312 3189 vltra

297 3235 408 3335 quod
432 3238 598 3311 iurasses
624 3257 667 3305 ac
685 3259 903 3333 sperasses,
929 3262 1024 3310 rem.
1078 3243 1175 3313 Sane
1197 3239 1312 3311 etiam

297 3359 411 3434 fortis
433 3357 550 3432 alacri
572 3354 703 3428 animo
726 3356 936 3454 prehendit
949 3359 1235 3457 Bellerophon„
1252 3356 1314 3430 de·

298 3483 554 3565 linimentum
590 3477 686 3552 mite
715 3472 960 3603 intendendo
995 3480 1097 3551 circa
1129 3481 1314 3566 maxillas,

195 3615 285 3689 Epoa
301 3625 449 3699 equum
474 3600 632 3672 alatum
685 3643 732 3655 -
745 3601 862 3674 Vbi
884 3626 978 3676 vero
1000 3589 1220 3686 adscendit,
1245 3615 1316 3673 sta·

186 3694 327 3759 '4'''¹²²
301 3723 374 3796 tim
400 3723 444 3794 in
469 3721 587 3794 armis
614 3737 764 3795 aeratus
795 3721 898 3794 lusit
953 3727 1052 3795 Cum
1084 3722 1152 3794 illo
1183 3735 1317 3795 autem

299 3844 419 3918 etiam
444 3841 542 3914 olim
564 3832 870 3929 Amazonidum,
901 3845 998 3916 aeris
1021 3840 1156 3942 frigidi
1178 3867 1201 3915 e
1225 3843 1319 3916 sini

298 3962 374 4036 bus
404 3958 569 4049 deserti,
603 3964 869 4060 sagittatorem
893 3964 1054 4039 iaculis·
1037 3979 1197 4063 ·petens
1230 3968 1319 4070 mri-

298 4081 465 4158 liebrem
492 4081 728 4170 exercitum,
755 4098 794 4155 et
817 4083 1097 4158 Chimaeram
1087 4110 1219 4184 rgnem
1242 4084 1324 4185 spi

300 4217 453 4283 tantem
480 4215 519 4276 et
542 4203 735 4308 Solymos,
758 4203 964 4309 interfecit
1019 4213 1095 4284 llet
1098 4208 1208 4281 icebo
1235 4212 1321 4282 eius

734 4344 738 4361 '
1212 4339 1321 4409 mor-
