3092 5142
557 484 715 566 Carmen
732 484 788 566 ³11.
971 464 975 475 ’
1120 515 1174 590 49

158 701 246 751 rum
269 693 404 752 autem
425 678 536 752 iussu
553 679 731 752 Ixionem
751 679 862 782 aiunt
880 677 977 755 haec
1000 658 1198 756 mortali·¹
1227 694 1230 699 ’

157 798 388 885 bus2dice1'e
414 801 455 872 in
481 800 576 872 alata
603 817 687 873 rota
713 816 906 900 perpetuo
936 801 1173 894 volutatum,

154 936 196 993 vt
229 917 521 1013 benefactorem
559 935 684 1018 grata.
702 921 1021 995 remuneratione
1058 923 1173 998 vicis·

154 1043 229 1112 sim
261 1037 471 1116 afficientes
497 1043 635 1117 colant.
700 1081 746 1095 -—
813 1043 1006 1138 Expertus
1038 1061 1170 1119 autem
1185 1052 1240 1105 Str·
1254 1067 1282 1107 2·

152 1144 218 1230 ille
240 1175 299 1230 est
320 1182 406 1231 rem
426 1158 643 1234 manifesto.
696 1161 917 1236 Beneuolos
935 1165 1040 1238 euim
1065 1166 1170 1264 apud
1216 1131 1262 1192 45·

153 1277 342 1353 Crouidas
366 1279 581 1354 iucundam
605 1306 720 1382 agens
740 1283 882 1371 vitam,
907 1307 990 1355 non
1013 1282 1084 1358 diu
1106 1311 1170 1361 su·

151 1401 293 1502 stinuit
311 1427 396 1475 eam
410 1383 654 1492 felicitatem,
679 1405 812 1492 insana
826 1418 958 1477 mente
973 1407 1169 1480 Iunonem

151 1521 251 1595 dum
282 1522 456 1622 deperit,
500 1509 618 1622 quam
647 1524 754 1598 Iouis
790 1524 1025 1622 coniugium
1063 1543 1168 1604 tenet

149 1642 277 1719 dulce.
330 1649 378 1720 At
398 1645 529 1743 ipsum
548 1644 763 1743 petulantia
783 1642 834 1715 ad
851 1644 976 1721 scelus
994 1638 1166 1723 insolens

148 1766 322 1866 impulit.
381 1770 481 1841 Mox
506 1789 602 1838 vero
628 1790 763 1864 passus
784 1763 902 1864 digua
932 1769 1162 1864 exquisitam

149 1891 316 1973 sustinet
333 1912 571 1961 aerumnam.
624 1890 719 1961 Duo
738 1887 1039 1988 autemtdelictss
1065 1915 1165 1988 quae

149 2012 407 2084 calamitatem
426 2008 578 2084 hancei
595 2008 824 2096 attuleruut,
848 2025 975 2083 erant:
1000 2026 1038 2103 Q
1055 2010 1164 2108 quod

145 2127 263 2202 heros
294 2129 503 2230 cognatum
527 2128 757 2228 sanguinem
781 2108 1056 2227 (cognatorum
1082 2134 1163 2209 cae‘·
1288 2158 1292 2169 ¹
1367 2127 1370 2140 '

148 2247 258 2345 dem)
282 2251 435 2348 primus
457 2274 538 2323 non
562 2250 646 2323 siue
669 2247 808 2322 fraude
831 2251 968 2322 intulit
989 2251 1163 2326 homini·
1235 2278 1239 2285 ’

146 2369 238 2459 bu-s;
270 2375 477 2469 (socerum
497 2371 723 2445 Deioneum
747 2370 923 2445 necando
933 2373 971 2466 3)
1024 2415 1071 2429 -
1124 2392 1162 2450 et
1175 2389 1242 2443 Ant.
1261 2404 1288 2445 α.

149 2493 256 2589 quod
288 2478 947 2594 magna-penetralia·habentibus
974 2497 1160 2595 (magnis)
1207 2458 1251 2515 ⁶⁰'

148 2607 355 2712 aliquando
372 2615 415 2687 in
431 2614 609 2699 thalamis
622 2614 729 2687 Iouis
747 2624 911 2686 vxor'em
924 2616 1158 2692 sollicitauit.

149 2730 362 2810 Enimuero
390 2733 446 2811 fas
475 2752 533 2810 est
556 2760 696 2838 prose
724 2733 791 2834 (ad
816 2760 937 2810 suum
962 2737 1161 2834 quemque

150 2854 374 2953 modulum)
390 2883 544 2958 semper
558 2860 750 2954 cuiusque
770 2858 827 2931 rei
846 2858 888 2930 in
907 2857 1031 2931 oculis
1043 2856 1161 2930 habe·

150 3000 185 3050 re
204 2977 412 3053 modum.¹
448 2980 688 3055 Concubitus
707 2980 906 3079 ¹illegitimi
933 2979 976 3050 in
1008 2979 1160 3052 malum

150 3095 281 3201 ingens
308 3101 650 3177 coniicere'soleut
675 3099 866 3173 homines.
920 3105 963 3172 Iu
984 3124 1085 3196 quos
1106 3115 1160 3173 et-

149 3216 219 3294 iam
236 3220 305 3295 hic
319 3221 477 3311 incidit3
500 3208 823 3320 quandoquidem
838 3246 930 3294 cum
946 3220 1053 3294 nube
1069 3246 1160 3294 con·
1234 3289 1236 3292 .
1343 3251 1345 3253 ¹

150 3341 282 3416 cubuit
299 3341 481 3418 fraudem
497 3342 654 3421 dulcem
670 3330 834 3417 sectatus
852 3343 1010 3439 ignarus
1023 3340 1157 3416 homo.
1180 3387 1185 3396 ι

146 3459 281 3536 Forma
291 3464 401 3539 enim
414 3461 574 3564 (nubes)
582 3463 930 3567 praestantissimae
940 3462 1160 3536 assimulata

136 3599 221 3657 ‘erat
241 3585 402 3660 coelesti
419 3583 520 3660 filiae
539 3582 709 3672 Saturni,
734 3583 886 3678 ,hasque¹
901 3582 1063 3658 iusidias
1082 3582 1160 3682 ipsi

136 3696 315 3780 fecerant
350 3707 465 3805 Iouis
495 3695 657 3794 manus,
709 3699 887 3804 pulcram
928 3703 1155 3802 perniciem.

136 3822 452 3929 Quaelriradium
468 3817 600 3900 autem
616 3828 770 3928 peperit
790 3826 867 3899 sibi
879 3825 1088 3906 vinculum
1111 3866 1157 3879 --

131 3936 253 4022 Suam
273 3947 493 4045 perniciem
514 3946 581 4020 ille
604 3947 787 4044 quidem3
802 3941 813 3957 '
829 3963 997 4041 tumque
1018 3943 1062 4025 iu
1086 3941 1160 4016 hos
1173 3958 1227 4030 Ep.
1240 3972 1269 4012 a.

131 4065 414 4142 membrorum
426 4067 647 4168 compedes,
671 4068 777 4144 vnde
790 4066 956 4171 euadere
970 4087 1053 4138 non
1070 4064 1161 4136 lice·
1200 4040 1244 4096 ⁷⁶‘
1349 4116 1351 4120 -

131 4202 216 4276 ret,
244 4182 465 4281 constitus,
490 4191 600 4263 illam
618 4187 1067 4287 admodum-vulgatam
1093 4183 1160 4257 de·

185 4340 280 4403 Putat·
296 4325 392 4396 Carm}
402 4340 432 4395 V
429 4339 466 4395 01.
476 4340 515 4392 11.
556 4410 559 4415 .
686 4313 737 4386 D
902 4405 903 4408 Ἴ
1043 4305 1160 4378 Clara·
