<?xml version="1.0" encoding="UTF-8"?>
<!DOCTYPE html PUBLIC "-//W3C//DTD XHTML 1.0 Transitional//EN"
    "http://www.w3.org/TR/xhtml1/DTD/xhtml1-transitional.dtd">
<html xmlns="http://www.w3.org/1999/xhtml" xml:lang="en" lang="en">
 <head>
  <title>
</title>
<meta http-equiv="Content-Type" content="text/html;charset=utf-8" />
  <meta name='ocr-system' content='tesseract 3.04.00' />
  <meta name='ocr-capabilities' content='ocr_page ocr_carea ocr_par ocr_line ocrx_word'/>
</head>
<body>
  <div class='ocr_page' id='page_1' title='image "./pindaricarminae02pindgoog_0030.png"; bbox 0 0 3092 5142; ppageno 0'>
   <div class='ocr_carea' id='block_1_1' title="bbox 254 421 957 585">
    <p class='ocr_par' dir='ltr' id='par_1_1' title="bbox 254 421 957 585">
     <span class='ocr_line' id='line_1_1' title="bbox 254 421 957 585; baseline 0 -27"><span class='ocrx_word' id='word_1_1' title='bbox 254 421 408 560; x_wconf 26' lang='lat'><strong>‘¹20</strong></span> <span class='ocrx_word' id='word_1_2' title='bbox 593 449 597 454; x_wconf 86' lang='lat'>.</span> <span class='ocrx_word' id='word_1_3' title='bbox 766 478 957 585; x_wconf 89' lang='lat' dir='ltr'><strong>Olympia.</strong></span> 
     </span>
    </p>
   </div>
   <div class='ocr_carea' id='block_1_2' title="bbox 147 671 1417 3083">
    <p class='ocr_par' dir='ltr' id='par_1_2' title="bbox 352 671 1370 884">
     <span class='ocr_line' id='line_1_2' title="bbox 352 671 1370 771; baseline -0.005 -23"><span class='ocrx_word' id='word_1_4' title='bbox 352 672 521 748; x_wconf 90' lang='lat' dir='ltr'><strong>nuntius</strong></span> <span class='ocrx_word' id='word_1_5' title='bbox 546 694 685 760; x_wconf 88' lang='lat' dir='ltr'><strong>verus,</strong></span> <span class='ocrx_word' id='word_1_6' title='bbox 711 673 1048 771; x_wconf 87' lang='lat' dir='ltr'><strong>pulcricomarum</strong></span> <span class='ocrx_word' id='word_1_7' title='bbox 1071 671 1216 770; x_wconf 84' lang='lat' dir='ltr'><strong>scytale</strong></span> <span class='ocrx_word' id='word_1_8' title='bbox 1237 673 1370 746; x_wconf 86' lang='lat' dir='ltr'><strong>Musa·</strong></span> 
     </span>
     <span class='ocr_line' id='line_1_3' title="bbox 354 792 1370 884; baseline -0.003 -13"><span class='ocrx_word' id='word_1_9' title='bbox 354 821 468 884; x_wconf 84' lang='lat' dir='ltr'><strong>rum,</strong></span> <span class='ocrx_word' id='word_1_10' title='bbox 504 792 805 867; x_wconf 88' lang='lat' dir='ltr'><strong>dulcisonorum</strong></span> <span class='ocrx_word' id='word_1_11' title='bbox 835 795 1057 868; x_wconf 81' lang='lat' dir='ltr'><strong>carminum</strong></span> <span class='ocrx_word' id='word_1_12' title='bbox 1086 811 1218 873; x_wconf 86' lang='lat' dir='ltr'><strong>crater.</strong></span> <span class='ocrx_word' id='word_1_13' title='bbox 1276 833 1370 850; x_wconf 91' lang='lat'><strong>--</strong></span> 
     </span>
    </p>

    <p class='ocr_par' dir='ltr' id='par_1_3' title="bbox 147 895 1416 1622">
     <span class='ocr_line' id='line_1_4' title="bbox 147 895 1372 1031; baseline -0.007 -36"><span class='ocrx_word' id='word_1_14' title='bbox 147 970 150 974; x_wconf 90' lang='lat'>-</span> <span class='ocrx_word' id='word_1_15' title='bbox 193 895 295 951; x_wconf 64' lang='lat'><strong>‘⁴³&#39;</strong></span> <span class='ocrx_word' id='word_1_16' title='bbox 271 900 340 1031; x_wconf 63' lang='grc'>565·</span> <span class='ocrx_word' id='word_1_17' title='bbox 355 920 453 996; x_wconf 88' lang='lat' dir='ltr'><strong>Iube</strong></span> <span class='ocrx_word' id='word_1_18' title='bbox 475 941 597 1018; x_wconf 86' lang='lat' dir='ltr'><strong>porro</strong></span> <span class='ocrx_word' id='word_1_19' title='bbox 617 915 845 990; x_wconf 86' lang='lat' dir='ltr'><strong>meminisse</strong></span> <span class='ocrx_word' id='word_1_20' title='bbox 871 921 1232 1014; x_wconf 89' lang='lat' dir='ltr'><strong>Syracusarumque</strong></span> <span class='ocrx_word' id='word_1_21' title='bbox 1253 930 1295 988; x_wconf 92' lang='lat' dir='ltr'><strong>et</strong></span> <span class='ocrx_word' id='word_1_22' title='bbox 1306 919 1372 989; x_wconf 90' lang='lat' dir='ltr'><strong>Or</strong></span> 
     </span>
     <span class='ocr_line' id='line_1_5' title="bbox 271 961 1374 1139; baseline -0.006 -23.486"><span class='ocrx_word' id='word_1_23' title='bbox 271 961 511 1139; x_wconf 79' lang='lat' dir='ltr'><strong>⁵6tygiae,</strong></span> <span class='ocrx_word' id='word_1_24' title='bbox 537 1062 658 1135; x_wconf 92' lang='lat' dir='ltr'><strong>quam</strong></span> <span class='ocrx_word' id='word_1_25' title='bbox 679 1035 785 1109; x_wconf 91' lang='lat' dir='ltr'><strong>iusto</strong></span> <span class='ocrx_word' id='word_1_26' title='bbox 807 1053 961 1137; x_wconf 84' lang='lat' dir='ltr'><strong>sceptro</strong></span> <span class='ocrx_word' id='word_1_27' title='bbox 985 1039 1180 1135; x_wconf 73' lang='lat' dir='ltr'><strong>rectisque</strong></span> <span class='ocrx_word' id='word_1_28' title='bbox 1203 1038 1374 1112; x_wconf 88' lang='lat' dir='ltr'><strong>consiliis</strong></span> 
     </span>
     <span class='ocr_line' id='line_1_6' title="bbox 359 1156 1373 1263; baseline -0.007 -26"><span class='ocrx_word' id='word_1_29' title='bbox 359 1164 580 1263; x_wconf 85' lang='lat' dir='ltr'><strong>gubernans</strong></span> <span class='ocrx_word' id='word_1_30' title='bbox 613 1158 737 1233; x_wconf 90' lang='lat' dir='ltr'><strong>Hiero</strong></span> <span class='ocrx_word' id='word_1_31' title='bbox 768 1156 1025 1258; x_wconf 88' lang='lat' dir='ltr'><strong>rubripedem</strong></span> <span class='ocrx_word' id='word_1_32' title='bbox 1055 1159 1150 1233; x_wconf 84' lang='lat' dir='ltr'><strong>colit</strong></span> <span class='ocrx_word' id='word_1_33' title='bbox 1181 1163 1373 1246; x_wconf 79' lang='lat' dir='ltr'><strong>Cererem,</strong></span> 
     </span>
     <span class='ocr_line' id='line_1_7' title="bbox 361 1277 1376 1378; baseline -0.004 -21"><span class='ocrx_word' id='word_1_34' title='bbox 361 1279 615 1378; x_wconf 81' lang='lat' dir='ltr'><strong>candidisque</strong></span> <span class='ocrx_word' id='word_1_35' title='bbox 635 1280 748 1376; x_wconf 89' lang='lat' dir='ltr'><strong>equis</strong></span> <span class='ocrx_word' id='word_1_36' title='bbox 768 1296 904 1353; x_wconf 88' lang='lat' dir='ltr'><strong>vectae</strong></span> <span class='ocrx_word' id='word_1_37' title='bbox 926 1277 1029 1355; x_wconf 86' lang='lat' dir='ltr'><strong>filiae</strong></span> <span class='ocrx_word' id='word_1_38' title='bbox 1052 1280 1216 1369; x_wconf 83' lang='lat' dir='ltr'><strong>festum,</strong></span> <span class='ocrx_word' id='word_1_39' title='bbox 1254 1280 1376 1355; x_wconf 90' lang='lat' dir='ltr'><strong>Iouis·</strong></span> 
     </span>
     <span class='ocr_line' id='line_1_8' title="bbox 362 1402 1378 1501; baseline 0 -24"><span class='ocrx_word' id='word_1_40' title='bbox 362 1427 442 1501; x_wconf 91' lang='lat' dir='ltr'><strong>que</strong></span> <span class='ocrx_word' id='word_1_41' title='bbox 475 1402 635 1476; x_wconf 84' lang='lat' dir='ltr'><strong>Aetnaei</strong></span> <span class='ocrx_word' id='word_1_42' title='bbox 667 1402 895 1500; x_wconf 88' lang='lat' dir='ltr'><strong>potentiam.</strong></span> <span class='ocrx_word' id='word_1_43' title='bbox 973 1403 1215 1500; x_wconf 81' lang='lat' dir='ltr'><strong>Suauisunae</strong></span> <span class='ocrx_word' id='word_1_44' title='bbox 1248 1419 1378 1477; x_wconf 89' lang='lat' dir='ltr'><strong>autem</strong></span> 
     </span>
     <span class='ocr_line' id='line_1_9' title="bbox 363 1522 1416 1622; baseline -0.002 -22"><span class='ocrx_word' id='word_1_45' title='bbox 363 1549 458 1600; x_wconf 91' lang='lat' dir='ltr'><strong>eum</strong></span> <span class='ocrx_word' id='word_1_46' title='bbox 483 1522 605 1622; x_wconf 85' lang='lat' dir='ltr'><strong>lyrae</strong></span> <span class='ocrx_word' id='word_1_47' title='bbox 617 1537 833 1618; x_wconf 86' lang='lat' dir='ltr'><strong>cantusque</strong></span> <span class='ocrx_word' id='word_1_48' title='bbox 857 1537 1019 1596; x_wconf 89' lang='lat' dir='ltr'><strong>norunt</strong></span> <span class='ocrx_word' id='word_1_49' title='bbox 1082 1528 1147 1601; x_wconf 91' lang='lat' dir='ltr'><strong>Ne</strong></span> <span class='ocrx_word' id='word_1_50' title='bbox 1169 1523 1378 1600; x_wconf 80' lang='lat' dir='ltr'><strong>succedens</strong></span> <span class='ocrx_word' id='word_1_51' title='bbox 1413 1532 1416 1569; x_wconf 72' lang='lat'>¹</span> 
     </span>
    </p>

    <p class='ocr_par' dir='ltr' id='par_1_4' title="bbox 319 1640 1416 1868">
     <span class='ocr_line' id='line_1_10' title="bbox 319 1640 1416 1749; baseline 0.001 -30"><span class='ocrx_word' id='word_1_52' title='bbox 319 1730 329 1749; x_wconf 29' lang='grc'>7</span> <span class='ocrx_word' id='word_1_53' title='bbox 362 1661 522 1742; x_wconf 87' lang='lat' dir='ltr'><strong>tempus</strong></span> <span class='ocrx_word' id='word_1_54' title='bbox 544 1640 749 1743; x_wconf 81' lang='lat' dir='ltr'><strong>frangat</strong></span> <span class='ocrx_word' id='word_1_55' title='bbox 716 1670 802 1719; x_wconf 85' lang='lat' dir='ltr'><strong>eius</strong></span> <span class='ocrx_word' id='word_1_56' title='bbox 822 1640 1081 1721; x_wconf 83' lang='lat' dir='ltr'><strong>felicitatem.</strong></span> <span class='ocrx_word' id='word_1_57' title='bbox 1110 1643 1185 1722; x_wconf 89' lang='lat' dir='ltr'><strong>Sed</strong></span> <span class='ocrx_word' id='word_1_58' title='bbox 1209 1670 1306 1720; x_wconf 94' lang='lat' dir='ltr'><strong>cum</strong></span> <span class='ocrx_word' id='word_1_59' title='bbox 1321 1670 1416 1720; x_wconf 89' lang='lat' dir='ltr'><strong>co·</strong></span> 
     </span>
     <span class='ocr_line' id='line_1_11' title="bbox 363 1750 1378 1868; baseline 0.002 -25"><span class='ocrx_word' id='word_1_60' title='bbox 363 1765 499 1843; x_wconf 86' lang='lat' dir='ltr'><strong>mitate</strong></span> <span class='ocrx_word' id='word_1_61' title='bbox 524 1763 682 1839; x_wconf 81' lang='lat' dir='ltr'><strong>amabili</strong></span> <span class='ocrx_word' id='word_1_62' title='bbox 707 1750 865 1865; x_wconf 84' lang='lat' dir='ltr'><strong>Agesiae</strong></span> <span class='ocrx_word' id='word_1_63' title='bbox 891 1768 1062 1867; x_wconf 83' lang='lat' dir='ltr'><strong>excipiat</strong></span> <span class='ocrx_word' id='word_1_64' title='bbox 1081 1768 1283 1868; x_wconf 86' lang='lat' dir='ltr'><strong>hymnum</strong></span> <span class='ocrx_word' id='word_1_65' title='bbox 1334 1809 1378 1824; x_wconf 89' lang='lat'>-</span> 
     </span>
    </p>

    <p class='ocr_par' dir='ltr' id='par_1_5' title="bbox 194 1881 1417 2230">
     <span class='ocr_line' id='line_1_12' title="bbox 194 1881 1378 1990; baseline 0.003 -28"><span class='ocrx_word' id='word_1_66' title='bbox 194 1946 195 1950; x_wconf 63' lang='lat'>,</span> <span class='ocrx_word' id='word_1_67' title='bbox 254 1881 350 1952; x_wconf 99' lang='grc'><strong>5</strong></span> <span class='ocrx_word' id='word_1_68' title='bbox 342 1913 387 1962; x_wconf 91' lang='lat' dir='ltr'><strong>a</strong></span> <span class='ocrx_word' id='word_1_69' title='bbox 410 1884 667 1987; x_wconf 85' lang='lat' dir='ltr'><strong>Stymphalus</strong></span> <span class='ocrx_word' id='word_1_70' title='bbox 696 1886 906 1962; x_wconf 89' lang='lat' dir='ltr'><strong>moenibus</strong></span> <span class='ocrx_word' id='word_1_71' title='bbox 936 1916 958 1962; x_wconf 90' lang='lat' dir='ltr'><strong>e</strong></span> <span class='ocrx_word' id='word_1_72' title='bbox 984 1890 1109 1990; x_wconf 88' lang='lat' dir='ltr'><strong>patria</strong></span> <span class='ocrx_word' id='word_1_73' title='bbox 1140 1889 1190 1964; x_wconf 93' lang='lat' dir='ltr'><strong>ad</strong></span> <span class='ocrx_word' id='word_1_74' title='bbox 1215 1893 1378 1990; x_wconf 85' lang='lat' dir='ltr'><strong>patriam</strong></span> 
     </span>
     <span class='ocr_line' id='line_1_13' title="bbox 287 1947 1375 2107; baseline 0 -21"><span class='ocrx_word' id='word_1_75' title='bbox 287 1947 593 2086; x_wconf 81' lang='lat' dir='ltr'><strong>67venientem</strong></span> <span class='ocrx_word' id='word_1_76' title='bbox 621 2008 766 2099; x_wconf 85' lang='lat' dir='ltr'><strong>relicta</strong></span> <span class='ocrx_word' id='word_1_77' title='bbox 786 2033 995 2107; x_wconf 87' lang='lat' dir='ltr'><strong>pecorosae</strong></span> <span class='ocrx_word' id='word_1_78' title='bbox 1023 2008 1207 2085; x_wconf 85' lang='lat' dir='ltr'><strong>Arcadiae</strong></span> <span class='ocrx_word' id='word_1_79' title='bbox 1243 2029 1375 2088; x_wconf 87' lang='lat' dir='ltr'><strong>matre.</strong></span> 
     </span>
     <span class='ocr_line' id='line_1_14' title="bbox 365 2122 1417 2230; baseline 0.001 -24"><span class='ocrx_word' id='word_1_80' title='bbox 365 2130 529 2216; x_wconf 86' lang='lat' dir='ltr'><strong>Prodest</strong></span> <span class='ocrx_word' id='word_1_81' title='bbox 552 2153 648 2204; x_wconf 84' lang='lat' dir='ltr'><strong>vero</strong></span> <span class='ocrx_word' id='word_1_82' title='bbox 683 2129 728 2203; x_wconf 91' lang='lat' dir='ltr'><strong>in</strong></span> <span class='ocrx_word' id='word_1_83' title='bbox 753 2122 1017 2230; x_wconf 80' lang='lat' dir='ltr'><strong>tempestuosa</strong></span> <span class='ocrx_word' id='word_1_84' title='bbox 1046 2148 1162 2210; x_wconf 88' lang='lat' dir='ltr'><strong>nocte</strong></span> <span class='ocrx_word' id='word_1_85' title='bbox 1187 2135 1308 2210; x_wconf 87' lang='lat' dir='ltr'><strong>celeri</strong></span> <span class='ocrx_word' id='word_1_86' title='bbox 1337 2149 1417 2223; x_wconf 55' lang='lat' dir='ltr'><strong>ex]</strong></span> 
     </span>
    </p>

    <p class='ocr_par' dir='ltr' id='par_1_6' title="bbox 297 2247 1417 3083">
     <span class='ocr_line' id='line_1_15' title="bbox 297 2247 1417 2360; baseline 0.003 -32"><span class='ocrx_word' id='word_1_87' title='bbox 297 2299 298 2302; x_wconf 60' lang='lat'><em>=</em></span> <span class='ocrx_word' id='word_1_88' title='bbox 365 2276 470 2330; x_wconf 88' lang='lat' dir='ltr'><strong>naue</strong></span> <span class='ocrx_word' id='word_1_89' title='bbox 494 2247 679 2327; x_wconf 87' lang='lat' dir='ltr'><strong>demissas</strong></span> <span class='ocrx_word' id='word_1_90' title='bbox 697 2249 817 2353; x_wconf 82' lang='lat' dir='ltr'><strong>figere</strong></span> <span class='ocrx_word' id='word_1_91' title='bbox 840 2251 937 2327; x_wconf 90' lang='lat' dir='ltr'><strong>duas</strong></span> <span class='ocrx_word' id='word_1_92' title='bbox 958 2276 1126 2329; x_wconf 86' lang='lat' dir='ltr'><strong>ancoras.</strong></span> <span class='ocrx_word' id='word_1_93' title='bbox 1180 2260 1294 2331; x_wconf 87' lang='lat' dir='ltr'><strong>Deus</strong></span> <span class='ocrx_word' id='word_1_94' title='bbox 1310 2258 1417 2360; x_wconf 48' lang='lat' dir='ltr'><strong>hogt</strong></span> 
     </span>
     <span class='ocr_line' id='line_1_16' title="bbox 366 2364 1377 2478; baseline 0.005 -28"><span class='ocrx_word' id='word_1_95' title='bbox 366 2399 462 2450; x_wconf 85' lang='lat' dir='ltr'><strong>rum</strong></span> <span class='ocrx_word' id='word_1_96' title='bbox 485 2364 728 2478; x_wconf 88' lang='lat' dir='ltr'><strong>illorumque</strong></span> <span class='ocrx_word' id='word_1_97' title='bbox 746 2374 962 2472; x_wconf 86' lang='lat' dir='ltr'><strong>(Arcadum</strong></span> <span class='ocrx_word' id='word_1_98' title='bbox 975 2389 1014 2449; x_wconf 90' lang='lat' dir='ltr'><strong>et</strong></span> <span class='ocrx_word' id='word_1_99' title='bbox 1027 2379 1377 2474; x_wconf 87' lang='lat' dir='ltr'><strong>Syracusanorum)</strong></span> 
     </span>
     <span class='ocr_line' id='line_1_17' title="bbox 366 2489 1417 2598; baseline 0.004 -28"><span class='ocrx_word' id='word_1_100' title='bbox 366 2489 563 2573; x_wconf 87' lang='lat' dir='ltr'><strong>illustrem</strong></span> <span class='ocrx_word' id='word_1_101' title='bbox 588 2509 733 2569; x_wconf 89' lang='lat' dir='ltr'><strong>sortem</strong></span> <span class='ocrx_word' id='word_1_102' title='bbox 754 2491 902 2570; x_wconf 82' lang='lat' dir='ltr'><strong>reddat.</strong></span> <span class='ocrx_word' id='word_1_103' title='bbox 974 2495 1132 2572; x_wconf 89' lang='lat' dir='ltr'><strong>Lubens</strong></span> <span class='ocrx_word' id='word_1_104' title='bbox 1158 2523 1277 2598; x_wconf 81' lang='lat' dir='ltr'><strong>vem,</strong></span> <span class='ocrx_word' id='word_1_105' title='bbox 1303 2503 1376 2576; x_wconf 90' lang='lat' dir='ltr'><strong>Ne·</strong></span> <span class='ocrx_word' id='word_1_106' title='bbox 1411 2581 1417 2592; x_wconf 53' lang='grc'><strong>,</strong></span> 
     </span>
     <span class='ocr_line' id='line_1_18' title="bbox 368 2606 1417 2723; baseline 0.001 -30"><span class='ocrx_word' id='word_1_107' title='bbox 368 2606 515 2717; x_wconf 74' lang='lat' dir='ltr'><strong>ptime,</strong></span> <span class='ocrx_word' id='word_1_108' title='bbox 561 2615 662 2692; x_wconf 90' lang='lat' dir='ltr'><strong>mari</strong></span> <span class='ocrx_word' id='word_1_109' title='bbox 690 2615 907 2715; x_wconf 85' lang='lat' dir='ltr'><strong>imperans,</strong></span> <span class='ocrx_word' id='word_1_110' title='bbox 948 2623 1376 2723; x_wconf 76' lang='lat' dir='ltr'><strong>aureum-colum·ge·</strong></span> <span class='ocrx_word' id='word_1_111' title='bbox 1413 2608 1417 2613; x_wconf 57' lang='grc'><strong>’</strong></span> 
     </span>
     <span class='ocr_line' id='line_1_19' title="bbox 369 2724 1375 2843; baseline 0.007 -31"><span class='ocrx_word' id='word_1_112' title='bbox 369 2739 505 2813; x_wconf 88' lang='lat' dir='ltr'><strong>stantis</strong></span> <span class='ocrx_word' id='word_1_113' title='bbox 530 2724 787 2842; x_wconf 79' lang='lat' dir='ltr'><strong>Amphitrites</strong></span> <span class='ocrx_word' id='word_1_114' title='bbox 808 2728 967 2843; x_wconf 82' lang='lat' dir='ltr'><strong>marite,</strong></span> <span class='ocrx_word' id='word_1_115' title='bbox 988 2763 1225 2841; x_wconf 83' lang='lat' dir='ltr'><strong>prosperum</strong></span> <span class='ocrx_word' id='word_1_116' title='bbox 1246 2769 1375 2819; x_wconf 89' lang='lat' dir='ltr'><strong>conce·</strong></span> 
     </span>
     <span class='ocr_line' id='line_1_20' title="bbox 371 2856 1374 2966; baseline 0.008 -34"><span class='ocrx_word' id='word_1_117' title='bbox 371 2856 420 2933; x_wconf 89' lang='lat' dir='ltr'><strong>de</strong></span> <span class='ocrx_word' id='word_1_118' title='bbox 446 2883 609 2934; x_wconf 89' lang='lat' dir='ltr'><strong>cursum</strong></span> <span class='ocrx_word' id='word_1_119' title='bbox 635 2860 835 2934; x_wconf 86' lang='lat' dir='ltr'><strong>aerumnis</strong></span> <span class='ocrx_word' id='word_1_120' title='bbox 863 2876 1085 2953; x_wconf 85' lang='lat' dir='ltr'><strong>vacantem,</strong></span> <span class='ocrx_word' id='word_1_121' title='bbox 1116 2889 1374 2966; x_wconf 76' lang='lat' dir='ltr'><strong>¹meorumque</strong></span> 
     </span>
     <span class='ocr_line' id='line_1_21' title="bbox 314 2980 1006 3083; baseline 0.006 -28"><span class='ocrx_word' id='word_1_122' title='bbox 314 3061 316 3065; x_wconf 64' lang='lat'>,</span> <span class='ocrx_word' id='word_1_123' title='bbox 371 2980 592 3056; x_wconf 87' lang='lat' dir='ltr'><strong>carminum</strong></span> <span class='ocrx_word' id='word_1_124' title='bbox 612 3006 713 3083; x_wconf 87' lang='lat' dir='ltr'><strong>auge</strong></span> <span class='ocrx_word' id='word_1_125' title='bbox 735 2980 852 3057; x_wconf 89' lang='lat' dir='ltr'><strong>dulce</strong></span> <span class='ocrx_word' id='word_1_126' title='bbox 877 2980 1006 3059; x_wconf 89' lang='lat' dir='ltr'><strong>decus.</strong></span> 
     </span>
    </p>
   </div>
   <div class='ocr_carea' id='block_1_3' title="bbox 0 0 1556 5142">
    <p class='ocr_par' dir='ltr' id='par_1_7' title="bbox 0 0 1556 5142">
     <span class='ocr_line' id='line_1_22' title="bbox 0 0 1556 5142; baseline 0 0"><span class='ocrx_word' id='word_1_127' title='bbox 0 0 1556 5142; x_wconf 95' lang='lat' dir='ltr'><strong> </strong></span> 
     </span>
    </p>
   </div>
  </div>
 </body>
</html>
