3092 5142
259 575 262 580 ·
364 571 461 675 ¹¹40
657 506 661 525 „
791 544 953 627 Isthmia.

151 838 153 842 ‚
251 741 319 798 Ant
335 750 362 814 4·
379 739 453 812 Cui
470 736 629 833 quidem
637 739 805 810 Electras
820 761 937 836 supra
950 755 1080 837 portas
1097 742 1264 839 epulum
1281 742 1389 818 ador·

286 822 345 885 ²⁰4
377 876 511 935 nantes
525 885 597 933 nos
612 859 718 932 ciues
734 876 772 932 et
788 882 943 931 recens·
952 874 1094 931 structa
1112 883 1388 954 coronamenta

223 1050 228 1061 ι
267 1054 270 1063 ,
319 1025 321 1029 ·
377 1004 553 1067 ararum,
590 974 828 1053 celebramus
857 977 1016 1053 inferias
1042 1003 1137 1054 aere
1150 1026 1167 1042 ·
1184 1009 1387 1060 caesorum

378 1119 467 1175 octo
494 1117 784 1190 mortuorum,
832 1123 931 1198 quos
967 1102 1127 1198 Megara
1162 1108 1319 1205 peperit
1351 1110 1385 1180 ei

322 1316 326 1322 ι
378 1223 554 1316 Creontis
578 1219 655 1294 filia
677 1218 789 1309 lilios,
829 1243 1003 1316 quorum
1028 1220 1070 1292 in
1088 1221 1295 1302 bonorem
1317 1230 1384 1303 sub

378 1367 557 1417 occasum
583 1342 785 1416 radiorum
814 1341 905 1415 solis
933 1338 1090 1413 flamma
1114 1369 1272 1422 accensa
1298 1375 1383 1421 con·

275 1468 279 1473 ’
377 1465 490 1537 tinue
512 1478 732 1562 pernoctat,
769 1461 966 1534 aetherem
997 1462 1231 1538 nidorifero
1244 1466 1382 1541 feriens

265 1582 429 1724 ἐξῇ..
377 1582 506 1657 fumo:
554 1625 603 1637 -
653 1598 692 1655 et
707 1583 825 1655 altera
840 1581 921 1656 dies
937 1584 1294 1659 anniuersariorum
1314 1603 1382 1658 ter-

376 1705 508 1780 minus
535 1703 792 1777 certaminum
816 1719 892 1791 est,
923 1703 1076 1776 roboris
1098 1707 1379 1803 spectaculum

375 1826 444 1900 vbi
469 1825 666 1899 dealbatus
699 1839 815 1922 capnt
843 1825 983 1922 myrtis
1011 1824 1077 1897 hic
1100 1827 1288 1901 Melissus
1314 1828 1379 1902 du·

374 1949 520 2047 plicem
552 1946 759 2020 victoriam
794 1944 937 2033 edidit,
979 1969 1198 2044 puerorum
1231 1948 1379 2019 tertiam

376 2082 487 2140 antea
505 2060 724 2164 (ediderat),
751 2063 1021 2162 gubernatoris
1043 2066 1380 2152 clauum-versan-

344 2189 425 2262 tis
466 2185 627 2260 consilio
665 2184 873 2258 obsecutus
904 2186 1210 2284 prudentissimi.
1286 2194 1379 2264 Cum

377 2314 495 2385 Orsea
525 2307 648 2405 igitur
672 2307 805 2405 ipsum
836 2307 987 2382 celebro
1017 2306 1231 2382 iucundam
1257 2307 1380 2383 destil-

374 2433 457 2505 lans
480 2428 648 2503 laudem.
727 2469 730 2474 ·
845 2483 849 2501 .

735 2798 942 2870 ISTHM.
976 2799 1018 2868 V.

409 2948 899 3068 PHYLACIDAE‘
926 2913 1347 3064 incinerari.
1395 2945 1398 2950 ’

614 3202 616 3206 7
753 3123 1000 3182 Pancratio.

265 3255 429 3367 serino
452 3294 576 3358 mater
598 3288 696 3363 Solis
721 3287 991 3371 celeberrima,
1024 3264 1142 3369 Thia,
1175 3308 1248 3380 per
1276 3299 1315 3356 te
1344 3299 1379 3356 et

367 3424 602 3515 ,praepotens
619 3409 838 3506 existimant
848 3430 991 3478 aurum
1000 3400 1180 3477 homines
1194 3427 1379 3502 praecae-

374 3532 481 3618 teris;
509 3545 547 3602 et
568 3545 753 3603 certantes
770 3551 890 3602 naues
913 3525 953 3596 in
971 3520 1072 3593 man‘
1089 3536 1127 3593 et
1140 3520 1378 3622 quadrigulas

374 3653 467 3747 equi
480 3666 784 3748 proptertuum,
795 3673 819 3721 o
835 3646 917 3734 dea,
932 3641 1181 3743 splendorem
1197 3645 1378 3716 volubili-

247 3761 316 3841 Ant?
333 3800 359 3853 9·
371 3769 457 3860 ‘bus'
484 3773 528 3843 in
561 3771 705 3869 pugnis
736 3765 955 3841 admirandi
992 3765 1180 3850 existunt;
1240 3809 1288 3820 -
1328 3779 1380 3836 et

371 3894 530 3992 (perte)
543 3893 585 3963 in
604 3889 764 3963 ludicris
785 3885 1060 3960 certaminibus
1076 3883 1281 3955 amabilem
1303 3884 1380 3982 glo-

373 4019 474 4089 riam
492 4013 669 4110 acquirit,
696 4000 918 4102 cuicunque
936 4006 1082 4076 multae
1100 4025 1269 4074 coronae
1283 4002 1380 4076 redi-

233 4108 259 4207 Γ.
375 4138 549 4210 mieruut
580 4155 749 4216 comam,
788 4124 969 4199 manibus
1005 4125 1209 4198 victoriani
1244 4124 1381 4222 adepto

377 4273 445 4332 aut
468 4256 671 4331 velocitate
690 4247 850 4347 pedum.
924 4253 1125 4345 Spectatur
1145 4269 1241 4336 vero
1260 4248 1382 4316 virtus

1259 4366 1384 4439 homi·
