3092 5142
341 477 345 496 ¹
375 487 397 560 6
405 509 426 556 2
475 591 479 606 ,
806 436 946 584 Pythia.

370 673 481 748 labus
515 685 646 745 autern
671 670 873 770 politaque
897 673 1019 748 rheda
1052 677 1242 752 concitate
1264 679 1379 772 Pelias

370 794 602 893 superuenit
625 817 847 891 properans.
913 794 1129 896 Obstupuit
1151 817 1286 874 autern
1312 817 1378 874 sta·

368 904 442 993 tim
458 914 640 1013 adspecto
656 914 945 1016 bene-cognito
961 915 1088 988 calceo
1103 917 1289 993 dextrum
1302 936 1379 994 tan·

369 1051 458 1108 tum
475 1036 575 1108 circa
589 1033 739 1133 pedem.
782 1040 990 1113 Occultans
1000 1052 1134 1111 tamen
1149 1040 1286 1127 animo
1304 1066 1379 1115 me·
1404 1135 1406 1143 Ι

368 1172 459 1230 tum
478 1151 681 1229 allocutus'
696 1172 751 1230 est
776 1178 888 1232 eum:
924 1166 1145 1263 Quamnam
1164 1175 1332 1251 terram,
1356 1188 1378 1236 o

367 1278 528 1376 hospes,
559 1275 754 1375 profiteris
786 1281 953 1379 patriam
971 1284 1089 1372 lesse?
1126 1298 1165 1352 et
1190 1304 1378 1379 quaenam

366 1398 579 1474 hominum
599 1413 637 1472 te
653 1389 938 1501 terrigenarum
958 1400 1124 1475 candido
1144 1401 1278 1473 emisit
1292 1426 1379 1474 ven·

366 1524 451 1594 tre?
488 1518 742 1594 odiosissimis
766 1523 979 1598 mendaciis
1004 1549 1085 1597 nou
1114 1523 1378 1622 contaminans

239 1615 352 1760 Α”ζ95
368 1646 431 1739 (ea
457 1664 557 1736 quae
581 1641 695 1735 dicis)
722 1640 786 1713 dic
811 1667 945 1742 genus.
1006 1688 1056 1700 —
1116 1642 1223 1717 Huic
1250 1659 1378 1717 autem

367 1758 608 1834 confidenter
634 1763 843 1861 placidis
817 1763 1002 1838 verbis
973 1788 1027 1837 stc
1046 1761 1271 1861 respondit·
1310 1765 1378 1839 Aio

313 1862 316 1873 ¹
366 1881 613 1981 disciplinam
630 1883 811 1958 Chironis
826 1909 891 1957 me
908 1887 1053 1960 afferre.
1106 1879 1168 1959 Ex'
1179 1900 1295 1958 antro
1313 1885 1378 1957 sci·

364 2006 456 2078 licet
474 2005 591 2078 venio
612 2029 634 2076 a
653 2003 830 2078 Chariclo
851 1990 1177 2104 etPhilyra31vbi
1194 2007 1377 2099 Centauri

364 2153 430 2200 me
442 2125 543 2200 filiae
557 2124 773 2199 educarunt
790 2140 919 2199 castae.
965 2125 1112 2226 Viginti
1125 2140 1258 2198 autem
1274 2105 1378 2231 post·¹

364 2272 486 2346 quam
506 2248 706 2346 compleui
732 2272 873 2335 annos,
907 2247 1007 2320 nihil
1030 2271 1159 2344 neque
1180 2245 1287 2320 facto
1313 2273 1376 2321 ne-

287 2442 291 2450 ,
363 2394 441 2467 que
458 2368 580 2443 verbo
597 2367 830 2463 obsequioso
851 2369 928 2471 illis
950 2367 1167 2468 significans
1186 2367 1291 2442 redii
1311 2366 1377 2442 do-

313 2532 315 2535 ·
362 2469 495 2579 mum,
533 2487 749 2587 pristinum
781 2507 1082 2589 recuperaturus
1100 2491 1230 2588 regni
1257 2491 1375 2588 patris

278 2666 284 2679 t
353 2610 454 2698 mei,
481 2607 590 2707 quod
606 2610 702 2682 olim
718 2612 869 2709 Iupiter
884 2613 1128 2712 populorum
1142 2610 1238 2684 duci
1256 2612 1382 2696 Aeolo.

361 2730 624 2828 liberisque'
592 2758 676 2807 erus
701 2732 880 2821 dederat,
918 2733 1063 2823 iniuste
1086 2731 1132 2804 ab
1159 2731 1238 2803 alio
1263 2756 1374 2804 occu·-

251 2861 305 2932 ΕΡ·
319 2872 345 2928 5
361 2857 460 2972 pati,
483 2855 688 2929 honorem
742 2896 789 2909 —
841 2851 971 2927 Audio
1001 2853 1107 2925 enim
1119 2848 1315 2925 Peliam
1303 2852 1373 2925 mi·

269 2945 329 3004 ¹93·
361 3001 488 3072 quum
506 2973 718 3073 splendidis
736 2973 966 3048 obsecutum
978 2970 1371 3073 praecordiisviolen-

359 3111 420 3170 ter
437 3093 537 3169 illud
558 3094 700 3169 nostris
719 3095 820 3169 iuste
843 3095 1127 3194 imperantibus
1146 3095 1368 3194 parentibus

358 3218 564 3316 eripuisse3
602 3216 672 3312 qui
696 3242 778 3305 me,
804 3242 895 3290 cum
920 3220 1098 3317 primum
1122 3215 1208 3289 vidi
1224 3220 1367 3303 lumen,

357 3338 561 3414 insolentis
574 3339 674 3437 regis
688 3339 806 3412 veriti
820 3337 1019 3425 iniuriam,
1030 3336 1169 3411 funere
1178 3352 1375 3434 ¹tanquam·

356 3458 536 3535 defuncti
552 3473 635 3531 atro
649 3459 691 3530 in
708 3456 868 3553 aedibus
884 3482 973 3531 cum
990 3459 1139 3533 eiulatu
1153 3458 1375 3532 mulierum·

355 3582 558 3668 instituto,
584 3580 682 3657 clam
701 3580 917 3667 emiserunt
936 3576 1062 3651 fasciis
1080 3581 1124 3651 in
1140 3580 1364 3678 purpureis;

272 3686 278 3695 .
354 3719 512 3777 noctem
528 3701 710 3776 arbitram
728 3700 912 3774 facientes
929 3700 1091 3796 itineris,
1107 3693 1364 3795 Saturnioque

245 3832 300 3897 Str·
313 3835 339 3891 6.
353 3824 612 3898 nutriendum
632 3824 794 3898 Chironi
810 3817 1065 3895 tradiderunt.
1111 3812 1159 3874 -’
1211 3816 1288 3894 Sed
1303 3819 1365 3891 ha·

165 3957 167 3961 ’
262 3907 323 3962 ²⁰⁶
353 3971 443 4019 rum
459 3943 620 4041 quidem
639 3967 775 4015 rerum
791 3944 914 4042 capita
930 3941 1081 4014 tenetis
1114 3940 1364 4035 Equestrium

353 4092 449 4141 vero
467 4081 675 4164 parentum
691 4066 803 4141 aedes
819 4090 903 4179 vos,
930 4089 954 4137 o
973 4062 1100 4136 incliti
1120 4065 1238 4153 ciues,
1266 4058 1365 4132 indi·

287 4176 303 4229 s
354 4203 434 4262 cate
454 4187 554 4260 mihi
570 4202 711 4287 aperte
740 4166 900 4262 Aesonis
916 4186 1023 4260 enim
1040 4181 1364 4281 filinaindigena,

902 4333 904 4338 ·
1285 4324 1365 4376 non
