3092 5142
599 531 867 640 Carmen‘lll.
1037 612 1042 618 ,
1119 583 1121 586 -
1185 559 1234 636 57
1324 587 1329 610 ‚

217 722 411 798 viderunt
433 723 560 823 aureis
586 725 629 798 in
653 726 805 799 thronis
828 725 973 823 (epulis
992 729 1237 828 nuptialibus

219 832 453 945 assidentes)
486 848 731 942 muneraque
763 844 955 946 sponsalia
988 855 1237 949 accep‘erunt3
1330 834 1332 839 ’

221 968 411 1065 Iouisque
436 962 632 1042 beneficio
654 994 700 1042 ex
724 966 922 1065 prioribus
943 969 1055 1043 malis
1078 972 1239 1075 recreati

225 1089 409 1164 animum
431 1101 650 1165 erexerunt.
689 1072 882 1186 ¹Attamen
904 1091 1121 1187 posteriore
1142 1107 1240 1166 tem·

222 1233 322 1307 pore
349 1211 408 1283 illi
433 1209 595 1308 quidem
619 1208 802 1307 (Cadmo)
826 1211 1011 1309 grauibus
1036 1227 1113 1287 tres
1137 1211 1239 1287 filiae

206 1328 338 1403 malis
364 1318 608 1409 abstulerunt
633 1333 800 1405 laetitiae
830 1349 999 1429 partem;
1033 1333 1238 1408 candidis-

226 1449 535 1554 vlnis-insignis
567 1468 699 1534 autem
733 1453 924 1552 Thyonae
949 1454 1111 1550 Iupiter.
1129 1470 1240 1554 pater

225 1574 339 1646 venit
364 1573 419 1647 ad¹
436 1577 597 1651 thorum
622 1573 838 1648 amabilem.
894 1615 940 1631 -·
993 1577 1124 1649 Huius
1142 1601 1239 1650 vero
1253 1577 1365 1646 Art-b

225 1695 515 1790 (palentinus,
543 1684 661 1792 quem
687 1694 813 1768 solum
836 1694 1068 1770 immortalis
1086 1698 1240 1797 peperit
1281 1654 1346 1716 ¹7&

226 1816 393 1890 Phthiae
411 1799 567 1904 Thetis,
594 1817 637 1888 in
656 1815 759 1890 bello
782 1818 927 1916 sagittis
945 1818 1074 1890 anima
1091 1819 1242 1905 amissa,

227 1938 414 2037 excitauit
446 1940 531 2038 igni
563 1933 829 2011 concrematus
854 1937 1009 2010 Danaisw
1027 1926 1238 2036 planctum.

227 2059 270 2134 Si
296 2061 386 2158 quis
413 2061 537 2159 igitur
561 2058 789 2132 mortalium
815 2074 946 2133 mente
972 2049 1077 2132 tenet
1102 2057 1242 2130 verita·

229 2164 279 2254 tis
305 2184 517 2268 rationem,
553 2206 645 2254 eum
672 2178 728 2254 fas
751 2195 826 2268 est,
858 2180 1024 2254 deorum
1051 2175 1241 2251 beneficio

230 2302 264 2376 si
294 2304 547 2399 consequitur
577 2304 674 2391 hoc,
692 2385 695 2388 ,
716 2326 797 2376 esse
829 2299 994 2376 felicem.
1041 2296 1242 2396 (felicitate

181 2492 185 2497 .
230 2420 330 2513 frui,
361 2424 397 2498 si
422 2425 460 2500 ei
481 2415 639 2523 obtigit;
663 2447 815 2526 *rerum
840 2438 879 2496 et
902 2423 951 2497 ad
979 2422 1137 2495 alteram
1163 2417 1242 2492 for-

229 2559 369 2618 tunam
401 2560 582 2643 paratum
613 2542 756 2617 habere
783 2547 955 2643 pectus.)
1013 2543 1114 2618 Alias
1131 2527 1243 2615 ¹vero
1424 2591 1427 2601 -

232 2667 328 2740 aliae
362 2661 478 2740 aurae
517 2649 1243 2768 sunt[alte-volantium4ventoru'1n3

215 2789 407 2891 -Felicitas
424 2788 538 2884 (que)
555 2786 766 2861 hominum
784 2810 866 2860 non
887 2785 957 2861 diu
974 2786 1100 2874 duran
1119 2786 1245 2879 siqua
1346 2797 1350 2803 '

229 2931 371 3008 magna
401 2895 597 3006 nimisque
629 2909 825 2982 cumulata
852 2908 1008 2989 homini
1038 2905 1242 3008 ingruerit.
1283 3004 1285 3009 Ι

233 3070 280 3085 -
298 3037 314 3107 “,
330 3029 522 3104 Tenuiter
562 3019 633 3104 me
665 3055 795 3131 geram
832 3031 875 3102 in
911 3029 1076 3104 fortuna
1110 3027 1354 3116 tannim-s·

200 3232 203 3235 ,
232 3147 438 3250 magnifice
464 3153 629 3249 (maiore
652 3178 745 3227 cum
765 3153 958 3251 impensa)
980 3153 1023 3225 in
1043 3149 1246 3250 ampliori;
1278 3124 1338 3181 ’φ’
1375 3168 1379 3178 ·

232 3289 467 3371 semperque
491 3299 594 3364 eam,
633 3299 733 3373 quae
760 3267 1012 3376 minimest,
1046 3268 1265 3344 fortunam
1367 3255 1372 3268 ’

231 3394 369 3466 animo
393 3408 606 3493 prosequar
627 3421 700 3495 pro
720 3394 868 3488 viribus
893 3395 991 3467 meis
1014 3393 1154 3466 colens.
1207 3392 1249 3468 Si

231 3532 331 3588 vero
344 3514 444 3588 mihi
459 3513 617 3599 diuitias
632 3517 728 3593 deus
740 3516 865 3590 lautas
879 3496 1116 3614 praebuerit:
1139 3532 1249 3610 spem

232 3635 382 3723 haben,
408 3635 573 3733 gloriam
597 3638 664 3736 me
688 3653 993 3712 consecuturum
1019 3657 1099 3708 esse
1126 3633 1249 3706 excel·

234 3782 319 3831 sam
338 3755 445 3855 apud
461 3763 669 3855 posteros‘
699 3761 912 3834 Nestorem
929 3773 967 3831 et
983 3756 1151 3856 Lycium
1164 3762 1250 3832 Sar·

234 3877 456 3980 petionem,
488 3877 699 3952 hominum
729 3876 899 3969 fabulas,
936 3904 983 3952 ex
1013 3875 1250 3971 carminibus
1324 3894 1337 3907 ⁴

235 3999 403 4088 sonoris,
421 3995 583 4084 artifices
600 4000 729 4095 qualia
746 4003 937 4100 sapientes
952 4001 1250 4086 concinnarunt,

221 4112 454 4196 ‚nouimuss
479 4121 608 4195 Virtus
625 4121 732 4195 enim
748 4122 893 4195 inclitis
911 4121 1147 4195 carminibus
1164 4118 1252 4193 diu-

234 4257 353 4323 tuma
366 4237 509 4317 euadit.
535 4242 673 4317 Paucis
689 4266 789 4344 vero
796 4240 874 4340 (id)
884 4244 1036 4341 assequi
1051 4240 1165 4322 facile
1182 4255 1249 4315 est.
1303 4347 1305 4349 ‚

664 4373 824 4395 *-
1108 4427 1249 4496 ΡΥΤΗ.
