3092 5142
604 515 764 598 Carmen
785 514 843 604 V,
890 455 893 459 Ι
1103 560 1107 572 s
1157 543 1235 621 107
1330 480 1360 582 ¹-

222 717 322 792 olim
344 731 388 791 vt
412 728 451 787 et
470 710 566 788 viris
590 711 737 785 valeret
761 725 801 784 et
822 709 990 784 nauibus
1014 710 1148 787 inclita
1170 713 1237 790 fie-

221 855 292 925 ret,
315 834 597 934 supplicarunt,
622 830 793 907 adaram
811 833 931 933 patris
947 831 1119 908 Hellenii
1137 852 1237 910 stan·

221 975 300 1046 tes,
336 955 665 1052 tetenderuntque
688 951 737 1026 ad
759 935 915 1026 aethera
939 978 1079 1030 manus
1105 959 1236 1049 simul,
1360 962 1362 966 ’

221 1076 409 1153 Endeidis
437 1077 608 1152 ‘celebres
637 1073 725 1164 filii,
766 1058 982 1173 (Telamon
1012 1091 1060 1170 et
1074 1079 1236 1174 Peleus)

221 1217 270 1275 et·
279 1202 403 1275 robur
419 1201 539 1274 Phoci
549 1192 669 1297 regis,
694 1196 879 1291 (Phocus)
909 1237 965 1253 x·-
1008 1194 1102 1270 deae
1120 1195 1235 1287 lilius,
1251 1223 1360 1300 apag.

223 1348 344 1420 quern
357 1323 584 1396 ¹Psamathea
604 1322 757 1419 peperit
773 1324 813 1394 in
836 1321 967 1392 littore
984 1321 1111 1394 maris.
1164 1326 1238 1398 Ve-

222 1469 315 1518 reor
337 1469 421 1518 rem
443 1467 624 1543 magnam
649 1440 806 1536 eloqui‚'
842 1441 1022 1536 iusteque
1039 1464 1129 1513 non
1150 1467 1238 1539 per·
1275 1503 1278 1510 .

221 1583 432 1666 patratam:
469 1564 672 1662 quomodo
703 1563 849 1636 scilicet
866 1560 1110 1657 'reliquerint
1139 1564 1238 1637 cele·

222 1687 335 1760 brem
348 1688 544 1775 insulam,
571 1702 611 1760 et
633 1686 721 1782 quis
743 1685 850 1757 viros
873 1680 994 1781 fortes
1014 1681 1112 1757 deus
1131 1686 1238 1760 vltus

222 1807 403 1905 abegerit.
456 1803 680 1885 subsistam.
733 1810 830 1882 Non
850 1805 956 1877 enirn
973 1804 1069 1877 vtile
1086 1820 1161 1894 est,
1183 1805 1240 1880 fa·

223 1930 324 2001 ciem
356 1928 560 2004 ostendere
591 1953 765 2003 omnem·
782 1925 985 1998 veritatem
1015 1926 1126 2019 (etsi)
1157 1953 1239 2002 cer·
1346 1919 1348 1922 ’

222 2035 326 2136 tam}
354 2063 393 2121 et
418 2063 543 2123 tacere
569 2058 682 2148 saepe
707 2063 764 2122 est
784 2047 1114 2145 sapientissimum
1129 2041 1240 2126 'inter

221 2169 404 2244 homines
427 2172 609 2270 cogitatu.
663 2213 712 2227 --
762 2170 804 2246 si
828 2194 924 2243 vero
949 2195 1044 2268 opes
1067 2188 1139 2246 aut
1159 2199 1240 2246 ma·
1252 2178 1308 2235 ser.
1320 2191 1349 2232 2·

221 2280 352 2365 ¹nuum
376 2291 500 2365 robur
526 2307 593 2364 aut
616 2289 791 2365 ferreum
818 2287 978 2363 laudare
1002 2292 1151 2367 bellurn
1179 2295 1240 2367 vi·
1285 2257 1332 2322 ⁵4

222 2439 313 2488 sum
342 2411 485 2501 fuerit,
529 2412 601 2485 etsi
629 2414 767 2510 longos
792 2410 893 2484 mihi
911 2411 1012 2486 inde
1037 2416 1156 2488 saltus
1178 2413 1239 2489 fo·

221 2535 303 2609 diat
326 2535 484 2632 aliquiS,
508 2533 788 2617 tamenwhabeo
810 2559 986 2632 genuum
1006 2514 1147 2634 agilem
1163 2537 1239 2610 im·

220 2672 373 2756 petum.
410 2654 537 2728 Etiam
553 2670 658 2727 trans
674 2679 783 2727 mare
795 2657 929 2729 volant
945 2637 1104 2751 aquilae.
1141 2664 1240 2732 Pro·

222 2778 348 2877 pitius
370 2799 466 2848 vero
488 2776 606 2848 etiam
632 2775 711 2849 illis
737 2776 878 2850 cecinit
900 2777 944 2848 in
965 2778 1074 2852 Pelio
1103 2795 1241 2856 monte
1301 2823 1305 2832 ·

224 2897 435 2975 Musarum
458 2898 722 2996 pulcerrimus
750 2897 913 2986 chorus,
948 2898 1130 2996 interque
1159 2927 1242 2975 me·

224 3010 308 3096 dias
327 3020 514 3094 citharam
535 3019 675 3117 Apollo
697 3020 933 3118 septisonam
952 3045 1072 3095 aureo
1091 3023 1242 3122 plectro

223 3143 384 3243 pulsans
406 3137 652 3240 praecinebat
679 3139 809 3213 omnis
834 3141 987 3236 generis
1017 3144 1168 3218 modos.
1195 3186 1242 3205 -

223 3265 316 3339 Illae
340 3285 438 3335 vero
459 3263 636 3364 primum
662 3258 826 3359 quidem
843 3262 1079 3353 cecinerunt,¹
1103 3289 1125 3336 a
1145 3269 1242 3340 Ioue
1255 3275 1323 3331 Ant·
1341 3288 1370 3334 2·

224 3408 403 3471 exorsae,
417 3380 680 3462 venerandam
696 3382 843 3456 Thetin
857 3381 1117 3479 Peleumque;
1144 3409 1242 3481 quo·
1288 3355 1334 3418 ’ᾖ

223 3505 427 3601 modoque
442 3488 575 3602 ipsum
593 3503 906 3578 teneraCretheis
916 3505 1135 3603 Hippolyta
1148 3505 1242 3603 dolo

222 3628 380 3704 irretire
397 3624 587 3712 voluerit,
613 3649 714 3698 vxor
730 3629 966 3724 Magnetum
990 3650 1124 3724 regern
1150 3627 1244 3702 cum
1352 3717 1358 3724 ἱ

223 3742 497 3852 persuadendo
527 3742 744 3818 induxisset
773 3752 960 3821 maritum
989 3747 1107 3820 variis
1137 3773 1245 3822 corn·
1330 3750 1332 3755 ’

223 3864 629 3974 mentistmendacem
638 3866 833 3942 nimirum
842 3867 1244 3965 fictumconcionauit

222 4016 468 4078 sermonem,
495 3989 607 4086 quasi
627 3988 789 4084 quidem
812 3992 1036 4091 coniugales
1062 4005 1244 4067 tentasset

221 4115 293 4189 ille
308 4113 352 4186 in
367 4126 459 4184 toro
470 4111 597 4183 Acasti
625 4151 672 4168 -
707 4135 869 4187 amores,
910 4112 1242 4223 Qed,contranum
1256 4129 1348 4203 epod.
1385 4152 1387 4157 ·
1422 4111 1424 4114 ’

221 4251 317 4312 erat.
381 4237 503 4336 Saepe
536 4231 643 4306 enim
674 4231 791 4310 illum
819 4249 904 4316 toto
930 4236 1064 4312 animo
1087 4215 1283 4334 inique-²⁸
1299 4200 1345 4270 ⁵⁶⁸
1377 4230 1380 4240 '

1088 4359 1243 4437 hortata
1302 4383 1306 4392 ’
