3092 5142
360 531 435 606 1¹8
777 515 939 595 Nemea.
977 512 979 516 ⁴
1021 587 1025 596 .

357 708 482 796 cibus,
510 721 549 780 et
565 705 769 806 respirans,
792 721 999 803 antequam
1015 703 1165 803 aliquid
1179 703 1369 778 'adiiciam

270 863 274 880 ι
356 832 463 904 Nam
484 829 611 901 multa
629 829 766 902 multis
785 827 1004 921 dictasunt.
1057 804 1179 900 Noua
1200 849 1298 898 vero
1318 827 1372 896 in-

358 962 476 1022 venta
499 946 650 1023 tradere
671 948 842 1022 examini
866 942 1100 1044 exploranda
1124 945 1291 1017 omnino
1312 970 1373 1042 pe·

360 1067 577 1140 riculosum
592 1086 681 1143 estt·
702 1067 912 1140 obsonium
933 1067 1304 1159 (oblectamentum)
1321 1065 1374 1138 di·

361 1203 421 1262 cta
436 1168 595 1262 inuidis.
626 1195 628 1198 ’
650 1186 816 1284 Attingit
826 1209 922 1259 vero
938 1183 1127 1281 (inuidia)
1141 1210 1298 1285 semper
1311 1189 1376 1260 bo-

361 1334 454 1398 nos,
477 1334 566 1384 cum
585 1306 845 1383 deterioribus
863 1321 995 1379 autem
1009 1316 1090 1378 n'on
1109 1308 1375 1381 contendit·-

235 1413 347 1557 ¹232
362 1429 509 1506 Eadem
525 1445 563 1503 et
583 1427 809 1503 Telamonis
832 1425 1005 1525 perdidit
1024 1425 1172 1516 filium,
1204 1454 1298 1502 ense
1320 1430 1376 1502 in·

263 1630 270 1641 ,
319 1623 322 1630 ,
362 1549 490 1625 duens
506 1549 647 1646 (eum).
709 1548 852 1643 Vtique
871 1550 1004 1621 animo
1024 1564 1252 1636 strenuum,
1277 1550 1309 1621 si
1329 1548 1378 1621 la·

353 1670 508 1748 cundia
525 1683 669 1755 careat,
694 1666 846 1740 obliuio
870 1667 1121 1766 (obscuritas,
1148 1688 1193 1743 vt
1213 1669 1379 1751 inferior

285 1786 287 1788 ’
364 1793 581 1888 iudicetur)
597 1789 788 1890 opprimit
807 1790 915 1862 tristi
932 1791 976 1862 in
994 1792 1224 1881 certamine3
1262 1793 1380 1864 maxi-

365 1938 478 1990 mum
494 1936 606 1986 vero
605 1901 761 1982 callide·
764 1911 910 1983 ornatis
929 1912 1141 1987 mendaciis
1158 1916 1381 2012 praemium

366 2031 617 2131 propositum
644 2047 710 2104 est.
776 2031 1029 2106 Clanculariis
1055 2034 1161 2107 enim
1181 2036 1380 2134 suffragiis

275 2194 278 2199 -
367 2152 497 2250 Vlyssi,
514 2153 642 2250 Danai
660 2150 990 2250 gratificatisunt3
1025 2156 1153 2239 aureis
1168 2179 1265 2228 vero
1293 2157 1385 2229 Aiax

368 2269 619 2360 defraudatus
635 2275 752 2346 armis
777 2297 870 2346 cum
891 2270 1007 2345 caede
1021 2272 1190 2346 luctatus
1213 2289 1321 2347 est

259 2378 376 2520 523²
369 2395 511 2491 Vtique
529 2408 660 2467 tamen
676 2390 878 2466 dissimilia
894 2392 1102 2467 hostibus
1089 2419 1134 2466 ιιι
1151 2393 1279 2467 calido
1304 2420 1385 2469 cor·

369 2541 466 2615 pore
485 2514 650 2588 vulnera
670 2495 894 2586 inflixerant
916 2514 1126 2588 militantes
1142 2513 1386 2591 defensante·

276 2633 279 2639 ’
369 2637 551 2712 homines
577 2635 707 2722 hasta,
747 2638 889 2733 partim
914 2636 1014 2707 circa
1038 2636 1231 2712 Achillem
1254 2663 1413 2714 recens·

370 2756 634 2841 interiectum,
649 2757 793 2852 partim
811 2745 980 2829 aliorum
996 2756 1175 2831 laborum
1189 2762 1385 2858 pernicio·

372 2879 533 2958 sissimis
549 2877 698 2951 diebus.
740 2876 817 2952 Sed
832 2875 971 2950 infesta
984 2879 1177 2954 nimirum
1198 2859 1384 2955 orationis

371 2999 543 3074 versutia
559 3013 638 3070 erat
655 2998 770 3070 etiam
782 2997 890 3088 olim,
914 2998 1149 3074 blandorum
1170 3001 1383 3077 verborum

277 3200 294 3207 ..
371 3143 526 3205 comes,
561 3115 683 3188 doli·
697 3118 940 3210 meditatrix,
987 3119 1208 3194 maleficum
1245 3147 1383 3222 oppro-

370 3241 537 3326 brium;
542 3262 660 3333 quae
689 3239 870 3351 quidem,
903 3241 1013 3339 quod
1042 3237 1296 3340 splendidum
1322 3261 1380 3332 est,

371 3360 578 3460 deprimit,
605 3338 865 3436 obscurorum
885 3380 1017 3436 autem
1047 3362 1213 3461 gloriam
1238 3368 1381 3440 extollit

262 3501 317 3558 Str.
332 3511 359 3567 5
371 3480 581 3602 putridam.
638 3523 685 3536 ·-
737 3483 823 3559 Sint
844 3507 1047 3578 nunquam
1069 3483 1170 3555 mihi
1192 3486 1288 3560 tales
1305 3512 1380 3560 mo·

222 3686 226 3693 s
281 3583 326 3645 ⁶⁹¹
373 3628 447 3690 res,
472 3626 495 3673 o
513 3600 804 3699 Iupiterpater!
844 3602 973 3678 Sed
935 3631 1011 3679 vus
1027 3605 1270 3702 simplicibus
1288 3611 1381 3682 vitae

373 3724 524 3796 vtinam
549 3722 743 3809 insistam,
779 3721 988 3798 defunctus
1014 3750 1064 3800 ne
1090 3725 1222 3802 liberis
1245 3725 1382 3803 famam

373 3844 475 3918 male
509 3840 732 3917 audientem
762 3845 993 3940 relinquam.
1057 3846 1209 3918 Aurum
1242 3864 1380 3947 optant,

276 4031 284 4040 ,
330 4047 333 4050 ,
355 3984 358 3995 ·
374 3987 636 4064 campumque
654 3964 721 4036 alii
733 3965 982 4066 immensum.
1029 3967 1112 4063 Ego
1123 3992 1220 4040 vero
1235 3970 1382 4043 ciuibus

307 4127 319 4136 „
374 4091 525 4170 vtinam
544 4085 730 4184 probatus
749 4085 867 4157 etiam
889 4100 990 4157 terra
1012 4085 1186 4160 membra
1201 4092 1383 4188 operiam,

375 4209 539 4287 laudans
555 4204 761 4312 laudanda,
785 4204 1029 4306 vituperium
1046 4231 1142 4293 vero
1159 4209 1386 4317 adspergens

388 4361 399 4365 ‘⁷
1344 4358 1388 4408 ns
