3092 5142
548 500 708 634 Carmen
732 550 842 677 VIII.
870 576 872 578 ·
1120 578 1223 683 149,
1305 644 1307 648 .

514 947 726 1022 ISTHM.
762 945 858 1019 vm.

244 1105 649 1253 onnannno
705 1092 1129 1214 naamanin.

565 1277 803 1341 Pancratia
931 1283 934 1288 “

176 1431 387 1540 Cleandro
411 1458 607 1556 quispiam
629 1455 912 1552 iuuentutique
939 1454 1073 1552 (eius)
1103 1434 1191 1555 pre·
1209 1454 1321 1543 Diaeta·

175 1580 283 1680 tium
315 1576 518 1681 inclitum,
558 1602 582 1651 o
608 1560 798 1665 quenes,
834 1575 1036 1667 laborum,
1070 1579 1191 1674 patris
1222 1547 1261 1598 ’κ
1275 1549 1301 1585 ι’

177 1698 430 1804 splendidum
473 1698 696 1773 Telesarchi
732 1696 797 1771 ad·
821 1696 1063 1772 vestibulum
1101 1699 1192 1797 pro·v

176 1845 351 1924 gressus,
394 1836 627 1918 congregato
667 1822 855 1918 pompam
894 1842 988 1891 cum
1023 1820 1189 1918 hymno,
1221 1802 1231 1820 ⁴

177 1959 217 2017 et
243 1940 446 2016 Isthmicae
468 1940 654 2045 victoriae
677 1942 917 2038 praemium,
953 1955 993 2014 et
1014 1944 1190 2025 ,Nemeae

176 2062 288 2163 quod
309 2061 568 2135 certaminum
597 2061 803 2135 victoriam
830 2060 995 2161 adeptus
1022 2077 1090 2139 est.
1141 2052 1187 2137 Ῑη
1263 2096 1265 2100 ’

177 2188 295 2266 cuius
318 2183 480 2283 gratiam
505 2197 543 2256 et
568 2207 663 2283 ego,
699 2181 882 2278 quamuis
910 2200 1083 2258 moestus
1103 2185 1202 2289 ani-⁸

175 2332 266 2395 mo,
300 2303 479 2403 postulor
512 2328 671 2377 auream
697 2305 884 2379 inuocare
916 2307 1088 2380 Musam.
1154 2309 1188 2381 A

175 2428 328 2528 magnis
349 2408 445 2498 vero
467 2425 637 2500 luctibus
658 2424 813 2499 liberati
831 2449 961 2522 neque
980 2426 1023 2499 in
1045 2427 1187 2500 orbita·

175 2567 258 2623 tem
287 2543 506 2620 incidamus
538 2546 789 2620 coronarum!
826 2569 955 2641 neque
988 2570 1186 2622 moerores

175 2669 271 2745 Ioue
314 2667 471 2766 (anime
505 2667 606 2759 min
653 2665 721 2741 sed
766 2663 944 2740 dimissis·
977 2667 1187 2742 inutilibus
1227 2662 1229 2670 ’
1271 2676 1273 2682 “

176 2789 399 2874 aerumnis,
428 2786 542 2861 dulce
567 2785 717 2882 aliquid
744 2786 790 2859 in
819 2786 1026 2887 publicum
1058 2788 1188 2888 prole·
1221 2883 1224 2891 Ι

177 2935 330 3010 ramus,
375 2911 495 2982 etiam
534 2922 623 3006 post
664 2907 929 2983 calamitatem.
962 2974 964 2979 ,
1003 2910 1189 3013 Quando·
1271 2897 1273 2900 Α

175 3031 339 3130 quidem
368 3030 492 3128 capite
519 3027 930 3127 impendens'Tantali
959 3056 1094 3107 saxum
1119 3035 1189 3106 ali·

175 3155 265 3251 quis
305 3152 449 3225 auertit
489 3174 511 3224 a
548 3151 662 3223 nobis
700 3147 817 3239 deus,
877 3194 925 3208 -
985 3155 1186 3254 ingentem
1200 3169 1295 3226 Dran.

177 3273 357 3350 Graeciae
389 3272 572 3346 laborem.
636 3276 685 3345 At
716 3271 818 3343 mihi
851 3288 980 3352 metus
1013 3275 1188 3371 sublatus
1200 3256 1226 3295 ²
1246 3254 1291 3372 ᾖ

177 3417 338 3494 grauem
370 3392 477 3466 leuat
509 3388 825 3480 sollicitudinem.
891 3398 1048 3490 Resque
1081 3420 1189 3493 prae·
1383 3377 1385 3379 ¹

178 3540 264 3588 sens
308 3513 503 3611 quaelibet
544 3528 709 3614 praestat
742 3508 914 3612 semper.
992 3510 1191 3590 Dolosuin

179 3637 284 3710 enirn
311 3659 456 3707 aeuum
480 3633 643 3729 (incerta
665 3631 842 3729 fortuna)
862 3636 1091 3732 hominibus
1117 3640 1193 3710 im.
1313 3656 1317 3666 ·

178 3756 343 3857 pendet,
384 3755 597 3829 accelerans
632 3756 735 3830 vitae
768 3783 940 3832 cursum.
1002 3756 1193 3834 Sanabilia

180 3895 311 3952 tamen
342 3892 445 3952 sunt.
469 3874 700 3949 mortalibus
732 3876 839 3950 salua
856 3877 1044 3950 ’libertate
1074 3878 1213 3951 etiam·

179 4001 265 4089 illa,
302 4013 548 4098 oportetque
582 3997 727 4069 bonam
758 4021 868 4094 spem
896 3996 1101 4070 hominem
1133 3994 1194 4088 foe

179 4110 283 4197 vere.
338 4125 406 4196 Fas
436 4143 531 4193 vero
559 4132 635 4204 est,
668 4115 712 4188 in
741 4116 1021 4215 septiportibus
1047 4119 1195 4194 Thebis

180 4243 396 4319 educatum
433 4241 547 4337 (me)
584 4238 763 4338 Aeginae
788 4230 1034 4338 hymnorum
1074 4237 1197 4312 decus
1211 4241 1230 4295 ἴ

1104 4382 1198 4461 prae
