3092 5142
607 504 765 584 Carmen
796 506 868 586 IX.
942 598 947 612 ¹
1168 536 1249 609 119·

225 697 276 770 iis
302 704 407 794 *quae
430 679 609 795 improba
634 714 735 782 sunt.
791 740 838 754 -
908 702 1088 796 Crescere
1112 669 1246 777 autem
1259 702 1327 756 Ant.
1344 715 1373 771 5·
1419 710 1424 722 “

225 820 355 893 solent
372 821 536 891 virtutes
553 814 734 912 (laudes),
762 815 881 919 uiridi
897 841 985 890 rore
1003 823 1114 895 velut
1130 824 1246 899 arbor
1328 811 1335 828 ’
1371 826 1381 873 ’·

227 943 373 1040 surgit,
396 961 466 1036 per
485 936 619 1009 doctos
639 939 808 1053 (poetas)
825 937 1030 1034 bonosque
1048 943 1155 1016 viros
1180 971 1253 1018 ers
1319 941 1321 948 ’
1349 1014 1360 1047 Χ

226 1064 363 1136 altatae
379 1059 427 1132 ad
444 1055 644 1153 liquidum
660 1060 867 1131 aetherem.
893 1064 992 1132 Vsus
1004 1087 1100 1135 vero
1113 1065 1244 1138 varius

225 1202 284 1258 est
311 1180 550 1265 amicorum
596 1179 638 1249 in
666 1179 840 1291 uictoriis
866 1179 1029 1275 quidem
1052 1186 1268 1284 marimeJ¹
1364 1209 1366 1213 ’

227 1306 460 1403 quaeritque
481 1301 597 1372 etiam
618 1299 845 1389 oblectatio,
859 1308 914 1395 ¹(e
934 1313 1131 1391 successu)
1152 1263 1242 1378 a'nte

227 1429 364 1501 oculos
391 1426 559 1497 aliorum
575 1422 673 1519 poni
695 1424 780 1496 eius
799 1405 927 1512 fidem.
966 1429 1110 1496 Tuam
1127 1403 1240 1513 uero,
1262 1482 1264 1484 v

225 1575 249 1623 o
267 1554 401 1646 Mega,
426 1544 595 1633 animam
611 1567 749 1616 rursus
769 1540 817 1612 ab
832 1538 968 1616 inferis
982 1542 1169 1618 reducere
1191 1586 1241 1604 -··

224 1694 308 1743 nou
323 1666 483 1765 quidem
504 1687 663 1761 possum
670 1688 682 1751 ;
698 1733 701 1738 ,
719 1687 941 1758 vanamque
962 1685 1073 1760 spem
1095 1661 1144 1735 ad
1161 1664 1241 1736 exi·
1254 1669 1306 1742 Ep·
1320 1682 1348 1734 a·

224 1780 315 1864 tum
344 1785 558 1887 perducere
583 1775 702 1870 velle,
741 1783 941 1884 stolidum.
1014 1781 1091 1859 Sed
1115 1782 1240 1859 tribui
1284 1753 1328 1806 π’
1416 1842 1418 1851 .

224 1926 317 1984 tuae
343 1907 506 2002 possum
533 1905 809 2003 Chariadisque
839 1907 1040 2005 ingentem
1071 1919 1239 1982 statuere

222 2029 394 2129 lapidem
406 2031 627 2112 Musaeum,
637 2025 688 2098 ob
704 2026 854 2125 pedum
874 2027 1053 2112 victorias
1068 2027 1238 2104 illustres

222 2152 282 2225 bis
298 2171 389 2222 sane
407 2143 513 2217 duas.
568 2142 728 2218 Gaudeo
746 2165 875 2222 autem
889 2150 1168 2224 conuenientes
1183 2150 1239 2224 fa·

224 2289 287 2347 cto
302 2269 480 2344 emittere
498 2263 641 2343 laudes.
696 2271 1055 2343 Carminibus-vero
1067 2270 1244 2347 doloris--

224 2407 424 2495 expertem
450 2385 567 2464 multi
592 2385 708 2467 etiam
725 2385 916 2472 laborem.
933 2390 1069 2470 fecere.
1145 2397 1249 2466 Erat·
1290 2433 1309 2484 ,
1361 2414 1363 2420 ’

222 2516 331 2593 enirn
348 2506 588 2582 laudatorius
605 2507 780 2604 hymnus
799 2509 1152 2601 iam,olim,ietiam
1171 2538 1248 2588 an.
1308 2520 1310 2524 '

222 2656 383 2735 tequam
400 2614 508 2704 fieret
523 2626 675 2704 Adrasti
691 2627 1031 2731 Cadmeorumqua
1046 2634 1211 2711 bellum,
1307 2662 1309 2670 ¹

519 3065 523 3068 ’
607 3099 850 3172 Nauna
954 3086 957 3100 ¹

307 3278 695 3372 CHROMIO
756 3246 1150 3439 sternuto.

533 3425 536 3430 ’
597 3441 600 3446 ’
652 3420 791 3487 Curru.

219 3560 428 3689 Pompam
444 3613 535 3661 cum
552 3603 667 3660 cantu
681 3585 872 3660 ducemus
886 3587 933 3660 ab
948 3586 1128 3687 Apolline
1144 3615 1165 3662 e
1179 3590 1237 3666 Si·
1255 3617 1365 3672 Deon-

222 3736 350 3810 cyone
367 3707 549 3808 profecti,
577 3733 601 3778 o
621 3711 780 3794 Musae,
806 3705 1171 3790 recens-conditam
1192 3710 1237 3782 in
1266 3707 1346 3742 ⁶⁶⁸¹·

220 3837 405 3918 Aetnam,
438 3828 507 3902 vbi
526 3845 676 3928 aper-tae
704 3826 925 3923 hospitibus
943 3826 994 3901 ad
1015 3828 1238 3929 ingressum

220 3968 357 4055 patent
375 3966 527 4048 portae,
554 3949 706 4022 beatam
721 3949 765 4022 in
784 3947 961 4048 Chromii
976 3930 1152 4045 domum.
1189 3954 1239 4024 At

222 4076 446 4150 carminum
479 4070 636 4145 dulcem
670 4070 868 4171 hymnum
901 4069 1031 4153 texite.
1099 4072 1240 4168 Equis.
1274 4148 1277 4159 ¹

220 4199 405 4286 vincente
424 4192 532 4267 enim.
546 4217 667 4268 curru
685 4188 879 4294 adscensu,
906 4193 1023 4271 matri
1032 4193 1237 4305 (Latonae)

888 4323 895 4342 χ
1199 4329 1238 4389 et
