3092 5142
379 501 431 574 80
809 484 951 589 Pythia.

374 676 485 750 vicos
505 675 688 776 (Argos).
742 676 852 752 Talia
875 677 1038 776 quidem
1053 678 1184 757 edixit
1203 687 1385 788 Amphis.

340 790 342 794 ¹
374 823 473 872 raus.
533 802 712 872 Laetatus
738 824 837 885 vero¹
858 815 897 873 et
922 801 1005 899 ipse
1031 801 1258 881 Alcmanem
1279 810 1384 886 coro·

308 905 310 909 ⁷
373 921 435 993 nis
452 930 803 1020 petosaspergoque
819 922 991 1020 hymno;
1018 916 1173 1001 vicinus
1189 914 1383 1026 siquidem

373 1057 413 1115 et
443 1044 733 1140 possessionum
768 1065 958 1142 mearum·
982 1056 1110 1119 custos
1144 1047 1290 1126 obuius
1330 1068 1383 1128 est

153 1248 156 1257 Ι
247 1172 250 1178 ’
342 1160 497 1237 .factus
529 1164 653 1253 euntij
670 1163 771 1237 mihi
802 1161 860 1256 ad,
881 1179 1003 1240 terrae
1029 1162 1262 1244 umbilicum
1289 1174 1383 1249 cele·

370 1283 590 1359 berrimum
605 1285 866 1382 vaticiniaque
879 1285 1005 1383 attigit
1019 1287 1269 1384 (vaticinatus
1285 1294 1383 1369 mihi

151 1441 160 1449 ‘¹
261 1408 316 1464 Str·
329 1399 358 1485 4'
372 1408 446 1502 est)
468 1408 672 1507 congenita
689 1423 780 1501 arte.
835 1448 882 1461 ·-
934 1390 1123 1498 Tu'vero,
1144 1410 1262 1512 longe
1279 1416 1382 1491 iacu-

154 1544 157 1551 “
272 1490 324 1567 ω’
369 1526 472 1616 lans,
508 1528 579 1624 qui
608 1552 773 1603 omnes·
787 1527 1205 1630 recipiens-templum
1233 1532 1380 1613 celebre

369 1647 563 1748 gubernas
582 1648 772 1748 Pythonis
792 1647 836 1720 in
855 1650 1041 1741 vallibus,
1062 1657 1274 1730 maximam
1297 1660 1382 1756 qui.

369 1770 462 1845 dem
488 1771 546 1845 ibi
577 1772 834 1846 victoriarum
865 1771 1099 1872 praebuisti;
1139 1773 1252 1851 domi
1286 1803 1381 1857 vero

320 1892 481 1968 'antea
515 1892 947 1993 auide-apprehensam
979 1895 1228 1992 quinquenii
1258 1899 1380 1976 victo·

300 2082 302 2089 .
368 2019 468 2090 riam
486 2017 531 2089 in
551 2013 659 2088 festis
677 2014 756 2101 tuis
776 2014 1008 2114 praebuisti,
1030 2037 1058 2087 o
1072 2039 1150 2091 reu
1202 2023 1378 2122 Propitio

239 2143 308 2201 Att-
325 2151 353 2217 4·
367 2155 512 2225 autem,
539 2160 688 2237 precor,
715 2136 849 2211 animo
882 2180 930 2194 -
982 2133 1169 2234 adspicias
1183 2138 1274 2230 hoe,
1301 2169 1376 2240 quo

167 2260 172 2265 ’
273 2229 319 2289 97·
367 2259 519 2359 singula
537 2242 607 2331 ista
623 2281 794 2355 pererro,
818 2282 985 2332 carmen.
1037 2262 1201 2356 Hymno
1219 2264 1377 2360 quidem

178 2420 183 2430 1
242 2475 245 2481 ι
332 2426 333 2431 =
366 2374 573 2457 dulcisono
595 2372 742 2454 Veritas
768 2377 901 2453 adstat
944 2382 1133 2454 Deorum
1155 2397 1291 2465 autem
1316 2411 1376 2462 cu·

211 2477 223 2491 Ἰ
364 2528 450 2577 ram
472 2500 736 2575 immortalem
762 2487 941 2600 exposco,
964 2521 989 2570 o
1004 2502 1204 2589 Xenarces,
1229 2521 1374 2580 vestrae

365 2623 557 2699 fortunae.
611 2622 652 2700 Si
672 2619 759 2717 quis
781 2619 887 2693 enim
906 2618 1010 2692 bona
1027 2624 1285 2719 consequitur
1299 2650 1374 2700 non

366 2720 621 2840 cum-magno
644 2742 794 2830 labore,
818 2741 955 2816 multis
976 2739 1137 2838 quidem
1159 2746 1374 2844 imperitio-

206 2872 209 2879 “
258 2880 349 2953 Epoa.
364 2892 457 2961 rum
472 2844 631 2938 videtur
647 2865 798 2964 sapiens
814 2863 880 2935 ille
930 2904 980 2917 -
1031 2865 1373 2965 opesamplificare

251 2958 278 3022 4⁶
289 2949 347 3006 ιώ
361 2986 619 3062 consiliorum
634 2983 853 3085 prudentia.
871 2968 1089 3086 Enimuero
1102 3010 1185 3060 non
1200 2988 1299 3062 haec
1312 3015 1373 3088 pe·

361 3135 430 3185 nes
445 3108 624 3182 homines
640 3123 742 3195 sunt,
753 3105 821 3180 sed
836 3099 934 3178 deus
948 3107 1122 3204 praebete
1144 3107 1235 3183 alias
1252 3111 1370 3195 alium

362 3241 519 3307 sursum
537 3216 733 3318 attollens,
755 3228 877 3301 alium
898 3228 1030 3303 subter
1049 3255 1242 3329 manuum
1261 3232 1371 3308 libra·

359 3369 542 3428 mentum
566 3345 762 3448 deprimit.
824 3352 889 3422 Tu
911 3375 1025 3440 vero,
1057 3367 1096 3427 et
1119 3355 1294 3452 Megaris
1315 3379 1371 3428 re·

360 3475 523 3576 portasti
552 3471 757 3546 victoriam
786 3491 1018 3566 recessuque
1047 3470 1091 3544 in
1114 3453 1369 3564 Marathonis,

357 3599 600 3694 Iunoniaque
617 3592 660 3664 in
679 3590 886 3663 certamine
905 3591 1033 3687 patrio
1051 3593 1227 3667 victoriis
1246 3597 1371 3697 tripli·

359 3717 488 3803 cibus,
520 3740 545 3788 o
569 3711 850 3799 Aristomenes,
877 3711 1007 3784 vicisti
1032 3711 1286 3806 fortitudiue;
1325 3757 1368 3773 ·-

247 3854 301 3911 Str.
315 3865 342 3920 5·
358 3854 606 3937 quatuorque
627 3832 780 3905 irruisti
802 3830 970 3931 desuper
995 3834 1038 3905 in
1062 3858 1247 3933 corpora,
1273 3836 1370 3909 mala

205 4009 212 4014 -
267 3940 327 3994 ¹⁸7⁸
357 3957 570 4042 meditans3
591 3953 752 4049 quibus
787 3979 917 4050 neque
951 3954 1103 4029 reditus
1131 3958 1280 4055 pariter
1313 3959 1369 4033 iu·

356 4076 510 4154 cundus
531 4076 575 4148 in
595 4074 746 4172 Pythiis
764 4071 941 4148 redditus
961 4093 1028 4164 est,
1053 4103 1184 4175 neque
1202 4081 1369 4161 reuersis

355 4195 460 4299 apud
483 4211 647 4270 matrem
672 4195 773 4271 risus
799 4192 926 4271 dulcis
953 4198 1371 4300 excitauit-gaudium

1304 4322 1368 4398 sed
