3092 5142
1112 316 1122 348 t

544 510 799 591 Carmean.
1126 544 1175 618 59

163 734 237 808 pro
253 706 378 782 xeniis
397 730 419 779 e
435 728 551 802 prora
568 703 799 801 Euphemus
816 700 1050 782 descendens
1073 733 1177 787 acce·
1269 754 1273 759 ·

164 831 241 929 pit:
275 826 450 902 faustum
467 841 600 899 autem
619 825 657 897 ei
670 824 885 902 Saturnius.
896 830 1044 926 Iupiter
1067 848 1177 930 pater

163 948 459 1046 superintonuit
474 949 643 1036 tonitru3
696 987 743 1000 -
804 946 970 1047 Quando
994 975 1173 1026 ancoram
1189 966 1289 1029 aaa.

136 1051 656 1166 'aereum-os-habentem‚
681 1067 828 1141 velocis
841 1073 965 1167 Argus
980 1067 1174 1163 fraenum,
1220 1045 1267 1111 φ’

164 1218 186 1265 e
220 1191 318 1265 naui
359 1186 687 1287 suspendentibus
725 1191 895 1263 occurrit
929 1188 1044 1285 (deus
1076 1193 1203 1290 ille).,
1261 1242 1263 1244 -
1360 1196 1368 1211 ⁸

160 1311 390 1396 Duodecim
416 1310 609 1382 'nimirum
633 1325 745 1383 antea
774 1311 857 1383 dies
875 1336 922 1383 ex
942 1316 1101 1406 Oceano,
1119 1313 1175 1388 fe·

162 1436 347 1508 rebamus
379 1456 497 1529 super
529 1446 636 1529 terga
661 1447 784 1504 terrae
809 1430 958 1504 deserta
983 1421 1175 1510 marinam

161 1557 312 1631 trabem
344 1554 514 1628 consiliis
540 1551 718 1626 eductam
748 1554 857 1626 meis
916 1555 1064 1625 Tunc
1052 1555 1175 1653 tgitur

160 1680 360 1778 soliuagus
378 1677 474 1749 deus
490 1668 646 1747 accessit
661 1669 947 1770 splendidaviri
961 1677 1175 1750 venerandi

161 1797 258 1871 facie
279 1810 463 1870 assumta:
486 1795 698 1890 amicisque
721 1792 850 1873 verbis
872 1817 982 1868 orsus
1002 1812 1078 1884 est,
1102 1799 1174 1871 ho-

162 1888 330 2018 spitibus
355 1917 465 1989 velut
489 1912 789 1990 aduenientibus
815 1913 977 1988 benefici
1000 1919 1173 2028 hospites

162 2066 325 2115 coenam
343 2022 580 2111 denunciant
597 2034 866 2133 Ρτίιῑιωη.-
920 2039 1053 2131 [Enim
1076 2069 1172 2118 vero
1185 2042 1299 2120 ΛΜ
1399 2095 1407 2134 v.

161 2160 311 2235 reditus
332 2182 442 2231 causa
461 2155 592 2228 dulces
610 2155 840 2253 prohibebat
857 2163 965 2257 (nos)
982 2169 1169 2268 manere}
1218 2111 1263 2181 ⁵6

160 2282 274 2357 Dixit
302 2305 418 2365 vero,
454 2275 725 2372 Eurypylum,
755 2285 1171 2360 terram-continentis

160 2400 288 2475 filium
310 2397 541 2471 immortalis
563 2397 745 2494 Neptuni
770 2423 891 2471 esse.
914 2407 1015 2479 Cum
1038 2423 1171 2481 autem

162 2521 315 2594 videret
335 2518 442 2616 (nos)
458 2518 701 2592 festinantes:
724 2509 855 2592 statim
872 2525 1172 2623 arripiens‘dex-
1210 2513 1213 2517 ἢ

162 2656 216 2715 tra
249 2639 416 2713 obuium
455 2656 577 2713 terrae
613 2639 805 2738 hospitale
842 2669 990 2717 munus
1019 2646 1172 2724 studuit

164 2761 409 2860 (Euphemo)
436 2759 536 2837 dare.
588 2764 731 2858 Neque
755 2767 950 2839 recusauit
973 2768 1080 2841 illam
1104 2770 1172 2844 he·
1267 2809 1276 2841 .-
1353 2798 1356 2807 ·

136 2926 142 2934 ·
162 2908 226 2956 ros
234 2909 246 2971 ;
288 2881 356 2977 sed
376 2884 420 2955 in
444 2884 575 2977 littora
599 2885 807 2982 prosiliens
826 2889 966 2963 manui
987 2891 1073 2965 eius
1090 2917 1172 2970 ma·

157 3028 263 3078 xnum
288 3025 381 3074 cum
408 3019 542 3077 contra
565 3007 818 3102 porrexisset,
852 3013 998 3110 accepit
1020 3014 1173 3112 glebam
1255 2989 1258 2995 ¹

153 3124 353 3201 diuinam.
422 3124 553 3201 Audio
591 3128 723 3202 autem
757 3155 844 3202 eam
879 3133 1118 3211 submersam
1149 3162 1172 3210 e

131 3247 257 3355 naui
278 3245 427 3318 marina
444 3245 659 3321 diffluxisse
677 3275 797 3346 aqua,
850 3294 896 3306 —
948 3253 1021 3326 sub
1041 3280 1174 3355 vespe-
1188 3255 1282 3326 Epa

157 3395 245 3442 ram
272 3358 439 3440 humido
467 3368 603 3466 pelago
632 3369 818 3468 illapsam
877 3371 1061 3466 Vtique
1038 3339 1237 3472 rpsam7

157 3487 439 3568 mandaueram
456 3512 567 3586 saepe
582 3490 825 3567 leuantibus·
834 3492 1035 3585 (herum)-
1042 3492 1174 3568 labore

158 3612 321 3686 famulis
355 3609 594 3686 seruandam.
658 3615 707 3686 At
737 3637 879 3690 eorum
910 3612 1052 3686 oblitae
1083 3631 1177 3690 sunt-

158 3749 321 3812 mentes.
375 3735 500 3827 Atque
524 3757 631 3805 nunc
655 3731 699 3804 in
720 3733 838 3806 hacce
863 3734 991 3842 insula
1012 3735 1175 3811 immor.

159 3848 235 3932 tale
252 3850 464 3954 profusum
479 3869 534 3926 est
552 3855 698 3952 Libyae
716 3855 909 3951 spaciosae
928 3879 1071 3945 semen,
1086 3874 1175 3935 ante
1243 3875 1245 3880 ’

159 3994 329 4076 tempus.
384 3975 424 4050 Si
442 3975 548 4047 enim
563 3973 673 4048 domi
690 3999 773 4048 eam
790 3975 976 4074 (glebam)
989 3978 1175 4073 proiecis-

159 4115 214 4173 set
232 4099 276 4170 in
293 4093 436 4168 biferas
455 4097 549 4170 Orci
567 4095 709 4182 fauces,
726 4091 776 4164 ad
793 4118 938 4167 sacram
951 4103 1174 4175 Taenarum

158 4217 447 4321 Euphemus
422 4217 489 4291 tbi
520 4219 783 4321 peruenisset,
822 4213 927 4294 filius
959 4222 1174 4316 equitum

986 4341 1173 4444 praesidis
1325 4365 1328 4369 ’
