3092 5142
295 516 297 520 ’
369 535 443 591 122
755 522 764 593 J
787 512 941 591 Nemea.
1005 532 1009 540 ·

300 762 307 768 .
361 700 583 802 Agesidami
616 702 752 776 lumen
776 704 817 777 in
845 720 968 779 aetate
991 706 1129 804 prima.
1202 707 1289 781 Alia
1313 735 1379 784 au-

304 806 325 851 ⁸*
362 825 543 897 tem-alio
566 838 763 921 tempore,
788 826 913 898 multa
936 824 1097 921 quidem
1118 829 1162 900 in
1187 831 1379 928 pulueru·

273 941 277 947 ’
362 919 477 1020 lental
502 962 623 1033 terra,
675 947 749 1020 alia
780 960 888 1022 vero
910 947 1042 1021 vicino
1075 953 1175 1022 mari
1210 959 1377 1049 (gesta),

248 1089 254 1127 ι
363 1068 690 1149 commemorabo,
757 1074 816 1142 Ex
842 1069 1041 1144 laboribus
1062 1086 1214 1158 autem,
1241 1072 1315 1167 qui
1338 1074 1381 1146 in

276 1198 287 1271 ζ
304 1176 318 1203 ”’
362 1189 574 1263 iuuentute
615 1191 784 1287 suscepti
823 1188 972 1263 fuerint
1009 1188 1181 1286 cumque
1217 1195 1377 1282 iustitia,

240 1400 332 1454 Duod.

363 1312 492 1388 existit
516 1311 707 1384 senectuti
732 1311 814 1384 vita
841 1308 999 1409 placida.
1055 1313 1167 1400 Sciat,
1191 1316 1377 1388 sortitum

236 1486 278 1526 ,0
288 1487 346 1544 ¹⁰9
363 1454 409 1507 se
419 1458 440 1507 a
457 1431 532 1505 diis
549 1430 816 1507 admirandam
834 1431 1072 1509 felicitatem.
1115 1475 1161 1491 -
1214 1437 1257 1512 Si
1271 1438 1378 1510 enim

363 1580 454 1628 cum
480 1554 632 1652 opibus
666 1554 802 1626 multis
841 1554 1057 1652 gloriosum
1086 1571 1222 1630 nactus
1256 1556 1378 1631 luerit

273 1699 274 1707 ¹
363 1676 551 1774 (aliquis)
582 1674 720 1762 decus,
767 1699 850 1746 non
882 1675 973 1746 licet
1006 1675 1171 1751 vlterius
1203 1680 1375 1768 mortali,

362 1799 531 1897 amplius
569 1795 768 1894 fastigium
803 1794 919 1871 'aliud
960 1797 1147 1896 attingere
1193 1798 1373 1896 pedibus.

361 1919 608 1994 Hilaritatem
625 1933 764 1991 autem
786 1932 889 1990 amat
910 1920 1158 2007 conuiuium,
1182 1935 1377 1994 recenter·

155 2081 156 2085 =
243 2060 275 2090 *²
361 2065 438 2137 que
459 2038 602 2121 florens
625 2054 792 2161 augetur
813 2038 1018 2130 (illustrior
1031 2038 1227 2134 redditur)
1252 2045 1377 2117 victo·

290 2144 309 2189 ἶ·
360 2162 418 2237 ria
441 2159 555 2234 molli
580 2177 706 2235 cantu
771 2157 909 2235 Audax
932 2187 1029 2236 vero
1054 2161 1161 2261 apud
1188 2178 1375 2259 craterem

239 2396 365 2452 Duod.¹

234 2486 277 2523 11.
286 2483 345 2523 121.

360 2309 438 2358 vox
453 2298 520 2359 est
574 2282 739 2373 Misceat
759 2280 899 2375 aliquis
925 2309 1030 2371 eum,
1057 2283 1213 2357 dulcem
1231 2284 1376 2382 hymni

360 2421 508 2493 ratem,
582 2445 627 2458 --
702 2403 978 2500 argenteisque
995 2403 1202 2479 distribuat
1233 2409 1375 2508 phialis

276 2581 279 2592 .
360 2542 562 2626 potentem
583 2523 675 2597 vitis
697 2521 846 2611 filium,
873 2549 969 2620 quas
991 2526 1192 2622 quondam
1215 2530 1374 2627 quadri·

256 2773 258 2777 ·
270 2755 274 2796 l

359 2674 428 2747 gae
445 2663 571 2746 partas
588 2645 774 2719 Chromio
798 2646 991 2717 miserunt
1014 2644 1258 2725 bene-textis
1283 2677 1374 2724 cum

359 2769 542 2844 latoidae
571 2769 726 2841 coronis
756 2790 808 2839 ex
833 2790 935 2838 sacra
965 2767 1144 2863 Sicyone:
1224 2771 1372 2866 Iupiter

358 2905 487 2987 pater,
519 2913 674 2986 precor,
710 2904 754 2984 ¹vt
777 2889 862 2960 hocl
878 2888 1038 2962 victoris
1062 2889 1180 2964 decus
1206 2891 1372 2964 celebra·

358 3014 484 3110 nerim
499 3035 590 3081 cum
608 3009 838 3095 Clraritibus,
864 3032 1059 3108 supraque
1080 3010 1230 3084 multos
1246 3014 1368 3104 (alios)

357 3130 637 3215 honorauerim
670 3130 906 3204 carminibus
938 3133 1163 3222 ¹victoriam,
1201 3133 1369 3209 iaculans

291 3253 294 3261 “
335 3289 337 3294 v
358 3251 536 3353 proxime
557 3248 606 3322 ad
631 3275 797 3349 scopum
819 3249 1045 3333 Musarum!
