3092 5142
522 450 536 633 j
597 515 757 599 Carmen
802 513 853 596 ll.
1209 551 1233 624 9

214 713 321 792 lilius
347 711 517 808 obuiam
547 706 694 800 factus,
731 701 1001 810 Pydronisque
1026 712 1236 812 antiquum
1266 757 1273 770 ·

217 833 427 911 oraculum
458 831 508 906 ad
534 848 733 911 euentum
768 830 940 907 adduxit.
994 876 1047 907 -.
1116 836 1235 940 Quod
1249 843 1347 928 uagi

217 981 346 1054 quum
374 950 536 1038 vidisset
564 952 662 1026 acris
694 956 884 1053 Erinnys,
923 953 1067 1030 occidit
1095 973 1239 1034 mutua
1275 943 1320 998 ⁷³⁰

219 1077 335 1183 caede
353 1076 529 1152 sobolem
549 1075 635 1148 eius
653 1073 888 1150 bellicosam.
941 1080 1144 1174 Superstes
1168 1104 1238 1154 au·
1306 1105 1308 1110 ·

219 1215 300 1274 tem
321 1189 474 1273 mansit
506 1193 751 1272 Thersander
792 1200 1002 1273 interemto
1044 1201 1238 1300 Polynici,

219 1320 465 1396 iuuenilibus
493 1319 536 1392 in
567 1318 844 1395 certaminibus
877 1319 1111 1418 praeliisque
1143 1324 1238 1397 belli
1275 1362 1281 1389 a

220 1443 343 1544 gloria
356 1442 532 1542 insignis,
547 1437 836 1514 Adrastidarum
853 1467 1022 1540 germen.
1075 1447 1239 1521 Ecuius
1277 1430 1279 1439 ¹

222 1567 370 1641 semine
395 1580 529 1667 ortum
547 1556 795 1651 Aenesidami
814 1559 942 1636 filium
964 1563 1074 1638 decet
1101 1569 1239 1639 carmi·

222 1713 319 1781 num
335 1689 523 1787 lyra‘eque
538 1683 729 1780 consequi
746 1681 889 1756 laudes.
930 1726 978 1739 -·
1031 1688 1238 1786 Olympiae
1253 1704 1320 1759 Ana.
1339 1714 1367 1775 3.

224 1809 329 1883 enim
349 1809 435 1908 ipse
454 1808 677 1907 praemium
695 1806 860 1902 accepit,
883 1806 1047 1904 Delphis
1068 1834 1163 1882 vero
1176 1809 1240 1884 in·
1286 1789 1332 1845 ⁷³·

224 1953 298 2026 que
314 1930 465 2003 Isthmo
481 1928 757 2029 quadrigarum
769 1925 979 2002 duodecies
997 1930 1241 2005 curriculum

225 2075 468 2126 emensarum
490 2042 677 2124 coronam
707 2049 750 2121 in
765 2065 996 2143 ⁸consortem
1021 2050 1137 2137 etiam
1165 2049 1253 2124 lm·-
1299 2124 1302 2129 .

227 2187 322 2245 trem
340 2187 569 2247 communes
598 2171 749 2245 Gratiae
766 2172 962 2267 (victoria)
980 2168 1240 2259 deduxerunt.

232 2294 332 2367 Felix
357 2309 489 2367 autem
523 2316 720 2367 successus
757 2291 1021 2389 experientem
1048 2308 1243 2367 certamen

234 2415 362 2490 liberat
378 2416 425 2488 ab
441 2415 648 2490 aerumnis.
688 2414 900 2512 Opulentia
916 2439 1011 2490 vero
1027 2414 1242 2490 virtutibus
1273 2512 1275 2516 Ι
1348 2499 1351 2507 ,

239 2553 362 2612 ornata
380 2539 546 2613 sustinet
564 2535 725 2609 aduersa
741 2553 779 2609 et
796 2534 984 2626 secunda,
1008 2553 1100 2612 vtut
1123 2538 1245 2612 obue·
1319 2521 1322 2526 ’

204 2660 207 2667 ’
241 2658 362 2747 munt,
389 2656 563 2732 adhibito
583 2656 766 2757 grauiore
788 2659 1063 2754 seuerioreque
1080 2656 1243 2746 iudicio,

246 2767 285 2833 -'·
330 2777 438 2853 sidus
454 2780 619 2881 insigne,
627 2800 770 2852 verum
783 2774 937 2851 homini
948 2779 1100 2854 lumen:
1124 2804 1252 2881 quam¹
1258 2809 1349 2884 rpou
1380 2862 1386 2874 ,

249 2897 363 2997 siquis
375 2916 498 2991 tenet,
515 2909 630 3003 nouit
644 2900 678 2974 is
688 2903 813 2998 (tenet
827 2900 1036 2996 memoria)
1047 2899 1244 2990 futurum,
1258 2898 1284 2951 ³·
1294 2899 1353 2938 ¹⁰¹·
1396 2902 1399 2908 '

211 3056 216 3069 ,
250 3021 340 3114 quod
362 3041 620 3098 mortuorum
654 3016 736 3096 illic
762 3023 892 3095 statim
925 3022 1070 3121 impiae
1095 3039 1246 3096 mentes

213 3162 225 3235 '.
250 3163 373 3235 poenas
404 3147 534 3225 luunt.
599 3149 784 3241 Namque
808 3141 947 3218 delicta
971 3144 1015 3216 in
1038 3145 1114 3218 hoc
1139 3145 1246 3219 Iouis

203 3302 224 3379 κ,
251 3259 398 3364 imperio
412 3267 485 3341 sub
500 3284 601 3340 terra
615 3263 763 3340 iudicat
779 3266 918 3362 aliquis
937 3263 1077 3340 infesta
1095 3282 1248 3340 senten·

203 3416 219 3439 ··
251 3379 327 3481 tiam
353 3387 487 3462 dicens
519 3387 755 3463 necessitate.
810 3429 857 3444 -
919 3390 969 3462 At
1003 3388 1099 3462 boni
1130 3402 1248 3460 nocte
1261 3408 1358 3478 unq.

251 3506 377 3597 pariter
406 3506 550 3605 dieque
583 3535 737 3609 semper
762 3508 843 3582 sole
861 3505 1035 3582 fruentes
1061 3533 1249 3610 aerumna
1280 3496 1341 3552 ¹⁰⁹·

203 3657 207 3696 r
251 3645 428 3703 carentem
449 3628 597 3729 degunt
616 3630 751 3731 vitam,
781 3653 864 3732 non
879 3644 1022 3703 terram
1043 3612 1259 3706 mouentes¹
1367 3625 1378 3735 J

203 3792 223 3841 ‘:.
247 3749 375 3825 robore
389 3775 602 3842 manuum,
627 3777 757 3848 neque
772 3752 887 3850 ponti
904 3748 1064 3838 undam,
1089 3765 1251 3824 tenuem

203 3880 212 3973 ᾖ
243 3875 586 3970 proptervictum:
624 3872 692 3950 sed
712 3872 819 3974 apud
847 3873 1043 3971 principes
1069 3871 1251 3960 deorum,

243 3991 466 4087 quicunque
490 3992 729 4067 studuerunt
755 3995 947 4083 iustitiae,
978 3970 1279 4068 illacrimosam

237 4127 357 4210 agunt
373 4112 517 4202 vitam3
541 4116 601 4188 illi
615 4139 717 4193 ,vero
732 4113 919 4214 adspectu
937 4114 1174 4196 horrendam
1193 4120 1254 4190 to·
1300 4138 1303 4145 ·

236 4231 360 4339 lerant
384 4256 623 4312 aerumnam.
673 4278 725 4303 .—
790 4236 997 4342 Quotquot
1018 4263 1115 4315 vero
1139 4237 1254 4312 susti·
1266 4264 1334 4322 Aac.
1351 4267 1380 4335 4.
1419 4282 1421 4289 ·

515 4373 523 4387 ’
1064 4376 1253 4452 nnerunt,
1295 4348 1355 4404 ¹²³·
