3092 5142
576 547 732 626 Carmen
758 547 786 624 Ι.
1114 576 1186 648 ¹33
1255 603 1258 610 .

176 739 289 839 ribus
316 739 555 838 omnigenis,
596 736 766 811 carmine
794 735 960 812 dicendo
988 741 1190 840 egregium
1324 824 1331 838 .

178 844 392 935 commune
422 861 586 933 excitare
618 857 745 933 decus.
800 901 848 914 -
899 864 1052 935 Merces
1082 864 1189 935 enim
1204 849 1295 918 FP&
1391 909 1394 916 -

1226 918 1388 988 θῶ.

179 981 360 1054 aliisaalia
385 979 434 1051 ob
457 979 606 1053 labores
626 979 855 1054 hominibus
875 978 999 1056 dulcis
1023 984 1190 1075 (contin-
1246 1079 1248 1082 Ι
1302 1042 1307 1050 .

180 1095 254 1201 git)
279 1096 514 1199 pastorique,
539 1103 770 1198 aratorique,
797 1101 1019 1207 aucupique
1041 1117 1078 1173 et
1100 1103 1188 1192 (ei,)

178 1248 298 1320 quern
322 1246 428 1294 mare
450 1221 527 1294 alit.
579 1228 628 1296 Vt
653 1247 674 1296 a
699 1236 836 1295 ventre
860 1221 1019 1318 quidem
1042 1221 1187 1295 horum
1217 1220 1218 1223 ’

180 1343 316 1440 quiuis
340 1341 504 1442 depellat
522 1342 664 1418 famem
687 1359 839 1430 tetram,
855 1332 1076 1442 occupatur.
1106 1345 1188 1446 Qui

177 1491 273 1538 vero
290 1467 334 1537 in
353 1464 639 1553 certaminibus,
665 1482 732 1538 aut
748 1463 886 1556 (bello)
901 1464 1099 1562 praelians,
1126 1489 1187 1537 re·

177 1585 486 1686 portaritdecus
513 1585 782 1684 splendidum
823 1584 857 1659 is
884 1585 981 1660 bene
1006 1585 1185 1660 laudatus
1310 1599 1312 1602 ’

177 1709 335 1782 lucrum
357 1732 558 1781 summum
583 1709 748 1806 accepit,
778 1706 930 1779 ciuium
952 1723 990 1781 et
1014 1707 1185 1806 peregri-

176 1852 324 1900 norum
349 1826 504 1924 linguae
533 1828 711 1926 (laudis)
737 1824 886 1900 florem.
941 1870 987 1883 -
1038 1832 1089 1903 At
1111 1825 1290 1950 rros⁸²gb

176 1948 287 2047 decet
318 1947 492 2020 vicissim
519 1931 557 2019 et
582 1950 737 2022 Saturni
765 1963 1183 2042 terrae-quassatorem
1212 1911 1257 1963 7·

175 2067 305 2148 filiurn
330 2061 527 2154 vicinum,
561 2067 660 2142 bene
680 2073 869 2144 meritum
898 2067 947 2142 de
972 2067 1183 2167 quadrigis,

174 2213 366 2263 cursuum
395 2188 637 2282 equestrium
663 2190 878 2287 praesidem
912 2188 1182 2286 (Neptunum)

174 2311 309 2410 gratiis
337 2306 495 2408 agendis
520 2308 729 2396 celebrare,
747 2323 804 2394 ,et
829 2323 940 2396 tuos,
974 2331 998 2380 o
1021 2306 1183 2403 Amphi-

174 2445 289 2515 truo,
322 2425 422 2502 filios
456 2430 685 2527 compellare
714 2428 956 2526 Minyaeque
987 2451 1183 2500 recessum

175 2550 533 2647 (Orchomenum),
571 2567 609 2623 et
636 2549 795 2640 ‚Cereris
831 2549 1012 2625 inclitum
1046 2549 1184 2625 lucum

174 2669 413 2759 Eleusinem,
438 2687 476 2743 et
501 2669 719 2754 Euboeam,
747 2666 985 2745 inflexorum
1010 2671 1184 2744 curricu·
1281 2668 1283 2673 ’
1378 2672 1379 2675 ’

174 2794 310 2867 lorum
329 2779 620 2880 (certaminum)
640 2813 794 2886 caussa„
832 2833 878 2846 -
931 2795 1065 2863 Tuum
1088 2796 1312 2886 qno-Antra

169 2933 281 3010 que,
303 2937 327 2985 o
345 2912 572 3000 Protesilae,
597 2910 840 2984 Achiuorum
864 2913 973 2984 iuxta
992 2910 1186 3006 Phylacen
1222 2874 1266 2934 83-

179 3035 366 3108 sacellum
390 3029 501 3111 addo.
563 3027 637 3104 Sed
663 3031 797 3103 omnia
826 3030 979 3128 eloqui,
1005 3053 1103 3125 quae
1126 3030 1188 3102 ln·

179 3153 328 3229 dorum
348 3175 530 3253 -praeses
567 3153 792 3226 Mercurius
838 3148 1041 3226 Herodoto
1079 3151 1188 3224 dedit

182 3276 320 3372 equis',
362 3259 544 3372 prohibet
578 3271 745 3345 breuem,
778 3297 1002 3358 mensuram
1022 3324 1025 3330 -
1044 3273 1189 3347 habens

179 3398 368 3493 hymnus.
429 3393 644 3466 Enimuero
676 3389 789 3490 saepe
820 3395 954 3482 etiam,
979 3392 1103 3499 ¹quod
1133 3409 1189 3466 est
1226 3389 1235 3399 ’
1294 3412 1296 3414 ·

182 3515 337 3590 silentio
364 3512 629 3612 praeteritum,
655 3513 900 3610 voluptatem
922 3513 1110 3586 maiore'm
1136 3512 1191 3584 al·
1279 3543 1289 3558 ⁸

181 3634 258 3708 lert
273 3632 569 3726 (audientibus).
621 3678 669 3690 -
723 3635 931 3732 Contingat
948 3635 1024 3734 ipsi
1045 3633 1191 3729 (adhuc
1205 3637 1291 3707 Ful·

182 3756 282 3841 hoc,
306 3758 370 3842 vt)
394 3752 704 3853 bene-vocalium
733 3754 802 3827 alis
828 3755 1000 3829 sublatus
1023 3752 1192 3854 splendi·
1235 3723 1281 3778 90·

183 3874 245 3949 dis
266 3870 469 3949 Pieridum
494 3897 614 3971 porro
639 3870 820 3980 Pythone
844 3877 962 3950 etiam
987 3876 1192 3974 Olympio-

182 4018 355 4097 rumque
375 3993 527 4065 eximiis
542 3993 683 4092 Alphei
706 3993 912 4072 frondibus
932 3998 1091 4096 impleat
1111 4022 1193 4068 ma·

135 4132 137 4136 ’
183 4139 310 4202 num,
339 4111 502 4213 gloriam
530 4115 812 4214 septiportibus.
832 4118 977 4192 Thebis
1006 4106 1200 4217 parando.¹

183 4237 227 4323 Si
261 4259 358 4309 vero
399 4234 486 4330 quis
525 4235 632 4310 intus
672 4236 784 4310 fouet
819 4229 979 4316 ‘diuitias
1012 4239 1192 4325 occultas,

186 4360 187 4365 ’
1094 4358 1194 4430 aliis·
1326 4356 1330 4370 *
