3092 5142
489 452 493 457 ι
564 512 723 593 Carmen
767 509 818 590 V.
1141 530 1191 612 73
1307 465 1312 481 „

179 703 370 810 grauium
394 704 627 780 morborum
649 701 825 780 remedia
847 699 942 774 viris
962 715 1001 821 et
1020 702 1199 777 mulieri·

178 828 255 903 bus
280 825 501 915 distribuit,
532 823 768 924 praebetque
804 823 1009 910 citharam,
1053 820 1197 921 datque

179 953 345 1027 Musam
374 948 675 1045 quibuscunque
707 943 898 1030 voluerit,
938 943 1128 1043 placidam
1152 947 1198 1021 in

174 1073 361 1152 animum
400 1069 617 1155 immittens
651 1066 991 1162 tranquillitatem
1022 1081 1198 1141 antrum·

179 1219 259 1290 que
274 1195 377 1294 regit
392 1189 610 1275 fatidicum,
636 1211 708 1286 per
722 1173 836 1284 quod
851 1202 890 1259 et
907 1183 1197 1264 Lacedaemone

179 1315 373 1416 Argisque
394 1311 610 1406 diuinaque
627 1309 670 1381 in
689 1306 788 1404 Pylo
802 1306 975 1380 habitare
994 1306 1086 1383 fecit
1102 1315 1197 1384 stre-

179 1460 286 1510 nuos
304 1434 486 1511 Herculis
501 1446 679 1532 posteros
695 1428 950 1526 Aegimiique.
993 1431 1043 1504 At
1060 1457 1197 1507 meum

182 1569 252 1642 est,
270 1544 518 1654 praedicare,
550 1551 658 1649 quod
682 1575 704 1623 e
729 1555 864 1648 Sparta
888 1552 1009 1639 venit,
1031 1554 1197 1642 amabile
1251 1592 1253 1597 ·

183 1673 325 1750 decus:
376 1716 423 1732 --
475 1672 589 1751 Vnde
623 1670 785 1746 oriundi
809 1685 1003 1744 venerunt
1024 1673 1067 1747 in
1094 1675 1197 1748 The·
1210 1671 1278 1727 Ana
1296 1686 1338 1742 3ο.

181 1820 267 1870 ram
289 1793 469 1896 Aegidae,
493 1795 572 1866 mei
596 1794 775 1878 maiores,
797 1816 880 1864 non
904 1793 988 1866 sine
1012 1798 1197 1886 numine;

185 1916 254 1992 sed
270 1914 397 1989 fatum
415 1912 616 2012 quoddam
632 1910 755 1985 duxit.
809 1909 904 1986 lude
923 1932 1079 2014 accepto
1095 1920 1218 2025 rnul-x

183 2050 317 2112 taru'm
336 2037 588 2110 victimarum
608 2033 739 2132 epulo,
765 2036 857 2122 tuis,
884 2060 908 2108 o
928 2038 1081 2137 Apollo,
1109 2045 1198 2115 Car·
1295 2125 1299 2131 ,

159 2157 294 2245 meis,⁴
327 2180 435 2230 sacro
466 2156 705 2259 celebramus
744 2160 924 2254 Cyrenen
948 2162 1083 2254 pulcre
1099 2207 1115 2222 ·
1134 2187 1198 2236 ex-

183 2293 368 2355 structam
390 2276 547 2366 vrbem,
581 2301 698 2373 quarn
720 2277 920 2354 incoluere
945 2281 1069 2376 (tum)
1096 2306 1200 2379 aere·

185 2402 323 2476 murati
354 2400 528 2498 hospites
559 2399 720 2472 Troiani
754 2398 1025 2475 Antenoridae.
1096 2407 1198 2477 Cum
1262 2471 1265 2478 .
1336 2486 1338 2488 v

184 2523 335 2598 Helena
350 2519 458 2605 eninr
470 2537 675 2608 venerunt,
685 2518 903 2598 fumantem
915 2525 1080 2622 patriam
1093 2540 1198 2625 post.
1290 2560 1292 2564 -

153 2668 305 2742 ¹quarn
325 2639 505 2716 viderant
556 2682 603 2698 -
654 2641 699 2716 in
717 2643 830 2718 bello.
883 2649 1112 2742 Equestrem
1129 2640 1304 2778 αιι-Εζξ
1406 2692 1409 2699 -

184 2778 264 2838 tem
281 2777 440 2862 gentem
456 2763 600 2860 (hanc)
609 2763 790 2864 religiose
807 2767 1007 2864 excipiunt
1024 2766 1197 2865 (colunt)

186 2884 304 2959 sacris
322 2881 508 2958 adeuntes
526 2909 592 2960 eos
615 2901 654 2960 et
677 2872 846 2959 munera
866 2879 1066 2963 afferentes
1091 2889 1207 2964 inco··

184 3003 267 3095 lae,
302 2992 403 3102 qiros
427 3005 651 3081 Aristoteles
675 3009 845 3104 (Battus)
872 3006 1053 3097 adduxit,
1085 3014 1201 3087 naui·

185 3128 264 3203 bus
297 3123 502 3202 velocibus¹
535 3127 653 3201 maris
691 3125 931 3227 profundam
966 3132 1073 3206 viam
1112 3159 1202 3234 ape-

185 3250 312 3325 riens:
337 3245 592 3344 condiditque
609 3249 720 3324 lucos
736 3250 904 3324 maiores
923 3249 1087 3326 deorum
1107 3271 1202 3329 stra·

184 3370 326 3467 vitque
341 3369 385 3442 in
402 3369 626 3467 Apollineae
641 3370 1075 3450 salutaris-hominibus
1088 3402 1202 3476 pom·

184 3516 262 3592 pae
278 3515 395 3566 vsurn
415 3502 560 3562 rectam
581 3492 798 3590 planitiem,
818 3495 1202 3598 equis-perstrepen-

183 3629 269 3687 tem
300 3617 503 3711 Soyrotam
535 3609 667 3700 viam;
710 3612 781 3686 vbi
810 3614 854 3686 in
891 3632 1063 3690 extrema
1091 3634 1201 3717 parte

187 3733 268 3807 fori
285 3756 462 3808 seorsum
483 3730 582 3806 iacet
603 3730 797 3809 mortuus.
852 3779 898 3792 -
950 3743 1090 3812 Beatus
1114 3742 1312 3836 qui.ser.4

188 3855 283 3930 dem
315 3854 383 3928 ille
413 3853 516 3925 inter
545 3851 727 3927 homines
757 3855 953 3932 habitabat
961 3897 979 3947 ,·
1008 3858 1202 3958 herosque
1235 3829 1295 3883 ιη’

187 3989 324 4076 postea
346 3973 496 4072 populo
516 3975 655 4047 cultus.
708 3980 895 4053 Seorsum
912 4002 1008 4053 vero
1025 3994 1114 4053 ante
1133 3981 1202 4055 do·

187 4120 275 4172 mos
300 4095 440 4169 caeteri
458 4118 568 4192 reges
587 4094 684 4168 sacri
701 4096 831 4170 sortiti
852 4085 1199 4198 suntsepulcrum.

187 4215 378 4318 Magnam
398 4237 497 4288 vero
516 4214 720 4308 virtutem,
741 4242 831 4292 rore
850 4219 964 4294 molli
983 4220 1203 4320 adspersam

1033 4343 1203 4442 hymno·
