3092 5142
589 334 865 415 mmmvn
1185 351 1294 438 23'

131 586 136 624 ,
213 525 398 600 flammae
424 523 595 601 ardentis
622 554 754 603 semen
781 523 1062 616 ascenderunt,
1089 544 1238 607 struxe·

162 648 169 654 ’
211 666 389 744 runtque
422 628 767 746 igneJcarentibus
801 635 997 722 sacrificiis
1022 649 1156 723 locum
1179 677 1236 726 sa·
1315 684 1345 699 ··

213 796 326 845 crum
353 770 397 844 in
416 780 511 844 arce.
565 773 693 864 Atque
717 772 795 845 illis
818 769 980 866 quidem
995 767 1147 844 flauam
1173 774 1234 847 in·

131 892 153 983 f
212 891 361 984 ducens
382 876 532 965 nubem
550 895 755 990 copiosum
779 890 883 986 pluit
903 915 1047 964 aurum
1064 894 1231 991 Iupiter:

131 1080 138 1094 „
209 1013 291 1112 ipsa
308 1036 406 1085 vero
427 1013 547 1119 caesia
566 1011 791 1110 (Minerua)
812 1009 921 1083 dedit
942 1013 1038 1101 illis,
1064 1013 1229 1090 artificio

131 1188 147 1225 ς
209 1175 254 1190 -
310 1133 424 1206 omni
449 1149 643 1209 terrarum
672 1135 819 1208 incolas
847 1132 1327 1226 affabre-industriisrp.3.

131 1308 143 1348 ὲ
206 1255 389 1328 manibus
424 1255 591 1326 vincere.
658 1259 740 1327 Iam
773 1278 891 1353 opera
926 1254 1153 1330 viuentibus
1186 1271 1229 1331 et.
1271 1241 1317 1299 9³

131 1424 143 1469 3
205 1374 475 1475 gradientibus
493 1375 634 1447 similia
654 1377 738 1450 viae
753 1375 942 1462 ferebant,
966 1390 1125 1473 eratque
1139 1379 1223 1477 glo·

131 1510 157 1588 gs
202 1500 267 1571 ria·
291 1501 442 1596 ingens.
509 1497 681 1595 Sapienti
714 1511 848 1570 autem
881 1498 1069 1594 sapientia
1101 1501 1220 1575 etiam

201 1622 331 1695 maior
350 1621 435 1694 sine
450 1616 588 1691 fraude
604 1617 804 1716 contingit.
858 1616 981 1690 Aiunt
996 1636 1129 1693 autem
1145 1621 1218 1696 ho.

131 1787 144 1830 2
199 1746 359 1816 minum
381 1741 533 1838 antiqui
548 1763 763 1825 sermones,
793 1736 993 1828 nondum,
1020 1740 1117 1815 dum
1139 1758 1217 1817 ter·

196 1851 568 1961 ram‘partie'bantur
583 1862 809 1960 Iupiterque
825 1875 863 1932 et
884 1863 1145 1953 Immortales,
1171 1866 1215 1940 in

131 1962 149 2057 s
197 1999 454 2080 conspectum
485 1984 676 2081 prodiisse
709 1982 752 2052 in
778 1979 877 2051 mari
903 1979 982 2054 alto
1008 1985 1213 2077 Rhodum,

131 2162 137 2192 7
196 2101 263 2175 sed
283 2102 390 2175 salsis
405 2101 446 2172 in
466 2103 611 2201 abyssis
627 2103 795 2177 insulam
815 2101 982 2175 latuisse.
1037 2149 1083 2162 -
1136 2108 1322 2193 Ab.ser.4.

131 2272 134 2312 ÷
195 2227 316 2299 sentis
336 2239 468 2297 autem
489 2247 611 2324 nemo¹
626 2224 843 2321 protulerat
865 2237 1010 2296 sortem
1029 2225 1147 2314 Solis,
1172 2244 1210 2302 et
1254 2183 1314 2240 roo.

135 2414 138 2419 .
195 2347 335 2444 vtique
349 2372 441 2420 eum
456 2362 578 2420 terrae
591 2360 784 2419 exsortem
799 2342 1048 2437 reliquerant,
1059 2359 1210 2421 castum

136 2523 142 2533 .
194 2466 337 2542 deutri:
376 2469 527 2567 Iupiter
545 2463 677 2541 autem
698 2463 922 2538 admonitus
945 2463 1077 2540 abillo
1095 2468 1210 2542 sorti.

131 2608 133 2616 ·
193 2590 345 2662 tionem
365 2589 451 2663 eius
470 2614 602 2663 caussa
618 2588 747 2662 voluit
764 2562 988 2674 retraciare;
1019 2586 1088 2662 sed
1105 2589 1208 2685 (Sol)

193 2708 235 2781 id
252 2707 340 2782 lieri
354 2692 437 2814 non
454 2712 650 2785 concessit.
703 2713 807 2784 Nam
823 2733 930 2797 cano,
958 2708 1099 2806 inquit,
1118 2710 1208 2808 'ipse

193 2831 314 2905 video
332 2832 374 2904 in
389 2835 487 2905 mari
507 2834 746 2908 attollentem
764 2855 844 2904 sese
863 2828 1045 2905 funditus
1062 2845 1206 2905 terram
1267 2907 1270 2912 ,

191 2952 415 3027 multorum
431 2953 642 3026 hominum
659 2952 832 3026 altricem
848 2967 885 3025 et
900 2952 1042 3025 almam
1057 2954 1208 3051 pecori.

191 3071 277 3145 bus.
334 3114 378 3126 -
432 3076 691 3149 lussitautem
707 3073 835 3146 statim
851 3098 970 3146 aureo
985 3069 1207 3160 redimitam
1221 3102 1288 3156 Am.
1306 3110 1334 3177 4

190 3194 361 3266 reticulo
376 3194 563 3268 Lachesin
579 3219 718 3268 manus
735 3192 953 3282 extendere,
963 3193 1207 3292 deorumque
1249 3188 1309 3241 ¹¹⁷·

191 3312 481 3387 sanctissimum
506 3318 774 3391 iuramentum
800 3341 884 3389 non
910 3341 1105 3404 recusare,
1140 3315 1207 3391 sed

190 3435 350 3512 Saturni
377 3461 468 3508 cum
493 3433 574 3509 filio
595 3418 786 3511 adnuere:
813 3433 995 3512 lucidum
1011 3439 1053 3510 iu
1076 3443 1207 3510 aerem

162 3558 165 3565 ’
190 3558 371 3631 emissam
403 3558 516 3630 istam
541 3556 614 3629 sibi
640 3556 908 3657 inposterum
935 3575 1079 3632 sortem
1107 3559 1204 3634 fore.
1280 3575 1299 3619 ἰ

189 3682 321 3775 Atque
336 3655 483 3750 exitum
500 3679 639 3752 habuit
659 3678 917 3753 iurisiurandi
939 3701 1093 3751 summa
1114 3701 1207 3750 vere

188 3799 388 3875 eueniens.
440 3804 560 3873 Enata
577 3815 633 3876 est
648 3826 695 3875 ex
712 3799 812 3870 mari
827 3798 995 3872 humido
1024 3840 1095 3857 --
1147 3798 1316 3903 ἐτι-ΕΜ,

191 3925 287 4010 sula,
313 3935 497 4014 tenetque
515 3905 640 4013 ipsam
659 3934 868 3992 acutorum
885 3918 1062 4018 genitalis
1078 3917 1207 3993 radio·
1242 3909 1301 3974 ²²&
1414 4009 1416 4012 ,

177 4069 280 4120 ¹rum
305 4059 436 4145 pater,
472 4041 605 4139 ignem
628 4039 862 4141 spirantium
886 4039 967 4118 dux
995 4064 1203 4138 equorum.
1243 4034 1249 4043 '

1146 4160 1207 4238 lbi
