3092 5142
378 510 455 565 rto
695 465 698 480 ‘
740 509 742 513 ·
802 483 962 564 Nemea.

368 682 564 759 honorem
590 677 707 753 ramis
731 677 909 777 primum
935 675 983 751 ab
1006 675 1180 776 Alpheo,
1216 696 1257 755 et
1274 682 1401 780 quin-2

368 807 481 902 quies
503 804 546 874 in
570 799 718 873 Isthmo
742 814 970 898 coronamus,
1001 802 1179 875 Nemeae
1195 827 1296 880 vero
1318 821 1388 895 ter,

337 986 338 989 ,
368 924 527 999 sustulit
552 920 797 995 obliuionem
823 912 1018 1010 Soclidae,
1050 923 1122 1020 qui
1142 939 1243 999 natu
1267 928 1389 1000 maxi·

257 1059 313 1127 sp.
327 1074 354 1114 ε.
369 1070 458 1132 mus
479 1042 723 1144 Agesimachi
742 1037 917 1115 filiorum
935 1039 1032 1132 fuit3
1084 1085 1132 1100 —-
1184 1046 1287 1122 dum
1311 1065 1387 1123 tres

280 1139 326 1200 ω
368 1167 447 1255 illi,
494 1162 762 1261 quiquidem
796 1164 1003 1236 certamina
1035 1152 1185 1266 enperti
1217 1167 1385 1260 fuerant,

368 1289 816 1390 praemia-reportantes
833 1279 887 1372 ad
900 1276 1101 1384 fastigium
1126 1291 1276 1389 gloriae
1300 1316 1386 1391 per.

367 1423 574 1483 venerunt·
626 1411 701 1480 Per
714 1403 783 1478 dei
797 1417 932 1477 autem
958 1403 1137 1482 fauorem
1158 1412 1278 1488 aliam
1298 1415 1385 1487 nul·

366 1532 446 1607 lam
470 1523 968 1625 domum,insignem·fecit
985 1531 1182 1630 pugilatus
1203 1535 1384 1632 plurium

365 1651 663 1752 reportatricem
692 1673 928 1722 coronarum
953 1649 996 1722 in
1021 1635 1175 1729 recessu
1202 1656 1384 1731 Graeciae

362 1776 581 1877 uniuersae.
634 1776 756 1870 Spero
778 1795 843 1845 me
860 1795 1000 1871 magna
1015 1773 1197 1849 locutum
1212 1775 1385 1850 collima-

309 1949 311 1966 .
363 1883 504 1970 turum
535 1891 585 1967 ad
611 1916 795 1991 scopum,
829 1891 885 1964 ita
908 1891 955 1964 ab
986 1917 1081 1968 arcu
1111 1897 1381 1971 eiaculantem.

362 2021 485 2093 Recta
501 2013 550 2088 ad
566 2014 667 2090 hanc
687 2011 920 2111 (Alcimidae'
934 2012 1120 2110 domum)
1136 2016 1277 2118 dirige,
1289 2024 1383 2095 Mu·

364 2161 423 2226 sa,
454 2152 621 2211 ventum
646 2133 865 2236 secundum
898 2136 1120 2210 carminum
1147 2136 1383 2239 laude-gra·

235 2270 303 2332 Aac.
322 2285 349 2326 α.
364 2258 507 2353 γοω.*)
559 2247 770 2333 Defunctis
792 2254 954 2356 quidem
972 2258 1091 2349 uiris,
1144 2301 1191 2325 -.-
1243 2276 1382 2358 poetae

241 2353 317 2413 '⁶¹‘
363 2397 403 2458 et
427 2380 635 2480 scriptores
663 2379 858 2479 praeclara
891 2380 1071 2480 ipsorum
1097 2378 1273 2455 facinora
1303 2384 1381 2457 iam

362 2501 598 2578 extulerunt.
654 2504 763 2601 Quae
791 2499 954 2595 quidem
981 2502 1084 2576 inter
1101 2499 1276 2577 Bassidas
1298 2527 1381 2577 non

362 2640 454 2700 sunt
471 2647 573 2710 rara;
598 2621 755 2717 antiqua
772 2645 878 2720 gens,
904 2646 973 2696 sua
987 2623 1214 2723 praebentes
1230 2623 1293 2719 *ἢ
1314 2650 1380 2698 en·

361 2747 507 2835 comis,
542 2740 746 2818 Pieridum
772 2743 993 2818 cultoribus
1015 2746 1086 2843 qui
1103 2761 1270 2843 possunt
1289 2769 1381 2845 sup·

359 2866 536 2967 peditare
554 2864 815 2961 multiplicem
833 2864 1032 2961 hymnum
1050 2867 1197 2940 excelsa
1215 2883 1379 2966 propter

358 2986 544 3060 facinora.
598 2984 755 3059 Etenim
770 2975 814 3056 in
829 2987 1042 3081 praeclara,
1065 2987 1247 3062 manibus
1270 3005 1378 3062 cestu

358 3108 536 3208 illigatis,
557 3107 739 3205 Pythone
754 3104 851 3178 vicit
874 3108 1074 3204 quondam
1098 3136 1146 3184 ex
1168 3109 1243 3182 hac
1263 3107 1377 3182 fami-

239 3318 241 3324 ,
341 3233 411 3306 lia
427 3230 583 3328 sanguis
594 3227 785 3321 (soboles)
795 3251 962 3315 aureum
972 3244 1376 3331 -sceptrum·gestan-

246 3363 302 3434 Ep.
317 3355 408 3428 atis
427 3352 562 3426 Callias
580 3365 760 3448 acceptus
813 3391 860 3406 -
912 3350 1027 3448 stirpi
1040 3354 1233 3443 Latonae3
1269 3352 1375 3454 apud

264 3434 310 3508 ⁶4
358 3453 639 3578 Castaliamque
655 3473 697 3544 in
718 3470 921 3544 Charitum
938 3471 1010 3545 sub
1032 3497 1232 3572 vesperem
1251 3476 1372 3552 choro

355 3594 532 3671 refulsit:
575 3593 772 3688 marisque
803 3592 916 3691 pons‘
931 3593 1072 3668 inuicti
1101 3597 1308 3692 (Isthmus)
1332 3599 1371 3671 in

354 3716 694 3817 Amphictyonum
719 3713 911 3788 tauri'cida
936 3715 1134 3790 trieteride
1158 3719 1370 3793 honorauit

353 3839 484 3939 (edm)
499 3836 705 3937 Neptunio
729 3820 773 3911 in
796 3836 962 3911 delubro
968 3862 980 3926 ;
1017 3837 1217 3936 herbaque
1238 3839 1368 3939 ipsum

1305 3960 1368 4034 ali·

342 4096 345 4101 f
413 4062 449 4142 *)
472 4083 505 4128 v.
520 4060 631 4125 Notas.

414 4175 462 4256 **)
485 4176 662 4249 ναυστολεῖν
682 4190 752 4234 uon
771 4171 874 4253 magis
890 4172 1069 4255 emphatica
1081 4190 1162 4248 vox,
1184 4194 1281 4256 quam
1302 4174 1364 4238 vul-

379 4362 382 4368 ‘
464 4280 549 4366 garis
566 4281 772 4362 ἐπιχορηγεῖν.
815 4275 886 4359 (K)
