3092 5142
631 510 788 589 Carmen
815 509 896 588 ΙΙ.’
1165 489 1241 610 135
1321 552 1325 559 ·
1401 526 1405 537 '

234 702 377 800 Apollo
399 702 550 800 ipsum,
577 702 834 800 praebuitque
855 699 984 775 decus.
1035 705 1084 774 Et
1105 701 1244 778 eodem

233 839 412 920 tempore
434 824 577 896 inclitis
603 820 926 896 Erechtlridarum
952 819 1157 898 decoribus
1178 823 1244 898 ad·

233 959 365 1016 motus
384 949 571 1036 (ornatus)
585 944 626 1015 in
643 940 856 1042 splendidis
867 942 1036 1032 Athenis,
1053 970 1136 1018 non
1151 971 1243 1019 con·

232 1081 394 1160 questus
409 1081 465 1137 est
479 1064 529 1157 de
548 1086 684 1139 currus
700 1064 969 1163 gubernatrice
984 1089 1106 1138 manu
1122 1071 1242 1161 equo·

231 1211 324 1262 rum
340 1187 553 1284 agitatoris,
607 1229 655 1240 —-
706 1209 824 1281 quam
838 1185 1100 1259 Nicomachus
1116 1185 1240 1281 (idem
1254 1161 1323 1300 ‘¹2²ss
1338 1180 1366 1220 ²·
1404 1220 1406 1229 ¹

230 1307 296 1380 hic
332 1330 525 1402 equorum
564 1306 751 1406 agitator)
792 1288 1022 1403 tem‘pestiue
1060 1305 1240 1383 adhibuit
1281 1316 1284 1321 ’

175 1520 181 1535 Ι
230 1428 415 1502 omnibus
435 1427 611 1501 habenis:
644 1452 761 1522 quem
785 1427 900 1498 etiam
923 1450 1130 1524 praecones
1157 1433 1238 1501 Ho-

229 1573 364 1633 rarum
389 1546 646 1645 (certaminis)
669 1546 999 1643 pronuntiarunt,
1022 1547 1236 1624 sacerdotes

180 1672 181 1675 ’
229 1655 402 1744 Saturnii
419 1667 525 1740 Iouis
540 1666 634 1753 Elei,
653 1664 835 1754 facientes
853 1666 1144 1766 quodaminodo
1166 1672 1235 1744 ali·

228 1786 339 1884 quod
356 1788 544 1887 hospitale
563 1785 757 1884 officium,
783 1805 821 1862 et
841 1791 1159 1887 sume-spirante
1174 1792 1234 1890 ip·

225 1933 316 1981 sum
342 1908 557 1982 salutarunt
580 1933 676 1982 voce
696 1933 834 1983 aureae
856 1911 898 1982 in
924 1912 1054 1984 sinum
1078 1913 1233 2010 prolap·
1309 1942 1314 1951 ·
1410 1997 1413 2000 ⁴

223 2045 315 2116 sumj
334 2031 525 2103 Victoriae
585 2074 628 2084 -
684 2045 784 2102 terra
811 2031 862 2103 in⁴
878 2033 1078 2131 ipsorum,
1113 2057 1230 2128 quam
1245 2015 1338 2156 ¹³23?

204 2165 367 2234 ‚vocant
386 2151 562 2248 Olympii
583 2150 688 2223 louis
712 2150 847 2224 lucum
856 2176 867 2248 n:
901 2152 969 2224 vbi
993 2154 1231 2230 immortales
1277 2202 1279 2206 .

222 2270 469 2345 Aenesidami
485 2269 556 2344 filii
573 2272 739 2344 honores
757 2274 920 2372 assecuti
937 2291 1038 2347 sunt.
1075 2276 1232 2350 Etenim
1320 2319 1323 2324 -
1421 2317 1424 2322 ·

221 2415 306 2464 non
323 2393 453 2490 ignara
469 2409 595 2466 vestra
611 2409 666 2466 est
684 2392 824 2467 domus
841 2419 968 2491 neque
987 2397 1230 2484 chorearum,

224 2538 249 2586 ο
260 2513 516 2610 Thrasybule,
534 2515 771 2602 amabilium,
788 2540 915 2611 neque
931 2517 1230 2614 mellisonorum
1262 2508 1264 2511 ¹

219 2620 420 2716 cantuum.
473 2674 520 2688 -
567 2624 712 2730 ‘Neque
740 2639 845 2707 enirn
872 2635 1073 2732 scopulus,
1101 2660 1230 2730 neque
1242 2631 1336 2698 Str-a

220 2753 345 2828 ardua
369 2755 434 2827 via
458 2769 536 2843 est,
571 2755 604 2828 si
629 2752 716 2851 quis
737 2747 953 2827 illustrium
973 2754 1023 2826 ad
1050 2756 1229 2828 virorum
1246 2756 1249 2763 ’
1266 2709 1322 2774 47''
1359 2746 1375 2806 ’-

214 2875 335 2948 aedes
356 2873 521 2948 adducat
536 2895 704 2948 munera
714 2872 1025 2947 Heliconiadum.
1060 2877 1228 2964 Vtinam,
1270 2882 1274 2891 ’

221 2997 330 3093 (etsi)
345 2996 460 3094 longe
474 2996 725 3082 iacto-disco,
750 2994 897 3066 iaculer
914 3009 1078 3082 tantum,
1105 2982 1228 3090 eluan-

219 3132 308 3193 tum
331 3117 464 3220 indole
480 3117 712 3194 Xenocrates
734 3117 914 3197 homines
937 3094 1051 3188 suau'i
1073 3139 1228 3213 supera·
1305 3205 1307 3209 Ι

219 3238 291 3310 vit.
326 3239 597 3313 *verecundus
621 3257 700 3338 erat
720 3238 823 3309 inter
848 3238 960 3308 ciues.
978 3260 1152 3324 versane,
1180 3275 1232 3295 ---x

221 3339 694 3457 equorumque-alturam
722 3382 861 3438 curans
887 3358 1091 3432 vniuersae
1113 3361 1228 3430 Grae·
1242 3348 1319 3488 Aa.
1329 3349 1347 3418 ’ὅ

221 3480 303 3552 ciae
329 3480 429 3568 ritu3
455 3495 493 3554 et
515 3479 563 3552 ad
582 3479 749 3579 deorum
770 3479 902 3577 epulas
923 3475 1230 3550 studiose-acce·

222 3597 336 3673 debat
355 3625 509 3688 omnes,
538 3625 667 3696 neque
687 3599 861 3697 vnquam
887 3598 1117 3694 hospitalem
1139 3623 1232 3695 pro·

222 3720 332 3794 cella¹
352 3721 506 3794 irruens
540 3720 730 3793 contraxit
759 3717 895 3791 velum
921 3718 1020 3788 circa
1044 3732 1232 3806 mensam,

223 3843 293 3916 sed
323 3843 472 3914 traiecit
505 3840 619 3937 (ille)
648 3836 696 3913 ad
725 3837 868 3912 Phasin
893 3835 1053 3933 quidem
1078 3830 1249 3926 aestate,⁸

210 3963 354 4050 ,hieme
369 3959 430 4050 *ἢ
457 3952 551 4036 vero
572 3962 762 4059 nauigans
786 3959 871 4034 Nili
895 3956 944 4030 ad
966 3958 1068 4055 ripas
1094 3957 1146 4049 (h.
1167 3981 1233 4057 pa·
1252 4032 1271 4040 ,,

222 4083 325 4158 tebat
359 4107 477 4178 quam
517 4082 701 4157 latissime
737 4081 822 4158 eius
854 4079 1130 4179 hospitalitas).
1183 4118 1233 4133 -·

1168 4198 1234 4275 Ne

305 4303 353 4382 ²⁸³³)
374 4302 414 4365 At
434 4324 465 4366 v.
485 4303 559 4370 Not.
590 4398 593 4403 ἱ
