3092 5142
618 473 776 554 Carmen
815 474 885 556 IX.
1181 489 1233 574 185

222 668 524 768 Amphitryonis
540 669 721 768 sepulcro
727 695 739 758 3
760 667 828 740 vbi
841 683 1024 768 paternus
1038 671 1237 762 auuseius

223 805 401 864 satorum
419 789 627 865 hominum
648 789 964 887 (Thebanorum)
983 791 1123 889 hospes
1141 793 1237 865 iace·

223 902 310 997 bat,
347 891 472 1004 quum
499 909 547 983 ad
575 909 951 1007 equis-albis·tritos
978 910 1237 988 Cadmeorum

224 1030 515 1129 commigrasset
538 1030 657 1105 vicos.
712 1072 758 1086 -
820 1033 976 1131 Peperit
999 1058 1047 1106 ex
1067 1034 1160 1108 eius·
1176 1038 1237 1106 Io·
1249 1031 1363 1107 ΛΜ·

222 1138 366 1247 visque
382 1150 624 1251 amplexibus
639 1148 813 1249 prudens
824 1152 940 1227 vnico
956 1168 1071 1251 partu
1088 1154 1237 1229 Alcme·
1284 1111 1344 1176 ¹4⁸

222 1297 274 1345 na
292 1274 543 1371 geminorum
558 1272 756 1346 inuictum
773 1273 897 1348 robur
913 1271 1096 1348 filiorum.
1141 1249 1237 1353 Mu·

222 1408 287 1467 tus
301 1394 370 1467 ille
385 1391 525 1481 fuerit,
549 1393 619 1488 qui
638 1395 799 1468 Herculi
816 1419 859 1469 os
882 1417 964 1466 non
978 1397 1157 1495 applicet,
1180 1397 1236 1494 (ei
1342 1387 1346 1396 ⁸

225 1514 398 1588 carmine
424 1513 652 1589 celebrando
670 1514 809 1589 vocem
833 1540 915 1589 non
938 1516 1236 1612 accommodet)

223 1660 354 1732 neque
377 1636 632 1712 Dircaearum
656 1661 846 1733 aquarum
872 1659 1026 1736 semper
1047 1638 1235 1712 memine-

222 1756 295 1844 rit,
323 1781 423 1852 quae
435 1756 548 1830 illum
568 1745 785 1832 educarunt
804 1773 842 1832 et
857 1757 1064 1858 Iphiclem
1090 1755 1234 1853 quibus

223 1901 297 1977 ego
312 1879 553 1977 praeclarum
569 1903 616 1951 ex
632 1894 727 1952 voto
741 1855 897 1952 carmen
914 1903 1091 1979 pangam,
1116 1876 1233 1950 bene-
1352 1975 1354 1978 Ι

225 1996 315 2072 ficio
349 1997 396 2071 ab
429 1999 478 2072 iis
510 2000 676 2074 affectus.
755 2000 976 2074 Gratiarum
1020 1996 1232 2072 celebrium

227 2101 386 2219 (modo)
403 2145 453 2193 nc
467 2145 532 2194 me
546 2118 696 2209 deficiat
711 2146 859 2220 purum
870 2120 1022 2196 lumen!
1049 2121 1233 2220 Aeginae·

223 2263 303 2339 que
321 2242 450 2328 enim·
468 2241 543 2328 aio,
567 2241 734 2336 Nisique
752 2243 795 2315 in
813 2241 910 2316 colle
923 2243 1231 2339 (Telesicratem)
1344 2317 1348 2341 „

221 2337 283 2435 ter
299 2361 499 2433 ciuitatem
514 2361 680 2458 hanc(C
652 2361 847 2457 Cyrenen)
866 2360 1055 2436 celebrem
1074 2359 1231 2449 fecit,-

221 2484 455 2557 taciturnum
479 2480 668 2557 laudum
657 2482 831 2582 mopiam
851 2483 1014 2556 victoria
1031 2474 1229 2581 effugiens.
1246 2471 1340 2610 Ε7·64

223 2609 487 2707 Quapropter,
497 2604 529 2678 si
544 2605 631 2701 quis
645 2606 682 2679 ei
699 2605 845 2677 amicus
859 2604 909 2677 sit
925 2603 1086 2692 ciuium,
1097 2605 1130 2678 si
1144 2602 1264 2700 quis

221 2724 488 2816 aduersarius,
522 2726 598 2800 hoc
619 2728 755 2823 vtique
774 2725 930 2824 publice
949 2724 1048 2798 bene
1067 2739 1231 2824 gestum,

222 2870 297 2934 ne,
322 2860 575 2945 praeceptum
594 2845 746 2919 ‘violans
771 2847 913 2918 marini
936 2846 1036 2919 senis
1062 2845 1232 2942 (Nerei),

222 2967 334 3041 celet.
385 2967 455 3042 Ille
477 2969 594 3041 etiam
617 2966 837 3061 inimicum,
859 2965 1068 3063 praeclaras
1089 2990 1150 3040 res
1168 2989 1234 3063 ge·
1324 3018 1327 3025 .

221 3103 389 3175 rentem,
396 3103 482 3162 toto
498 3089 630 3161 animo
646 3104 685 3163 et
698 3113 771 3187 pro
787 3085 935 3160 iustitia
950 3084 1108 3158 laudare
1122 3082 1233 3157 iube&

221 3209 299 3282 bat
351 3208 779 3306 Saepissimevictorem'
793 3221 831 3280 te
848 3207 964 3279 etiam
980 3206 1023 3278 in
1036 3204 1150 3281 sacris
1160 3219 1234 3277 sta·

223 3331 275 3404 tis
294 3329 457 3404 Palladis
483 3327 584 3418 vidi3
628 3329 840 3422 tacitaeque
867 3325 1067 3422 quaelibet
1087 3325 1235 3398 carissi·

224 3476 339 3529 mum
352 3451 427 3527 sibi
440 3450 626 3525 maritum
638 3446 811 3546 virgines
825 3461 892 3521 aut
908 3443 1034 3521 filiurn
1052 3437 1277 3542 optabant

225 3589 285 3663 te,
310 3598 335 3649 o
351 3572 617 3684 Telesicrates,
644 3567 754 3665 (sibi)
773 3591 871 3655 esse;
923 3608 969 3622 -
1032 3565 1076 3638 in
1098 3564 1234 3662 Olym·
1246 3572 1342 3643 sm

225 3695 325 3797 picis
346 3718 504 3790 quoque
519 3706 556 3763 et
571 3685 792 3788 profunde·
801 3688 978 3761 sinuosae
996 3691 1139 3759 Terrae
1155 3708 1235 3758 cer·
1268 3656 1330 3775 η’

223 3813 462 3892 taminibus
451 3825 572 3908 utque
588 3808 772 3885 omnibus
786 3811 902 3883 etiam
918 3805 1139 3910 dqmesticis
1154 3805 1237 3902 (Li

225 3937 365 4037 bycis).
435 3933 650 4009 Enimuero
677 3944 788 4016 sunt,
819 3929 890 4034 qui
914 3953 936 4000 a
961 3954 1042 4014 me,
1076 3926 1146 4020 qui
1172 3925 1236 3998 siti
1280 4019 1282 4022 y

227 4062 448 4147 carminum
465 4051 644 4142 medeor,
679 4051 833 4148 exigant
850 4073 997 4121 munus
1017 4045 1251 4119 carminum·
1366 4124 1371 4135 x

226 4179 380 4311 denuc,
418 4191 462 4253 vt
484 4177 649 4255 excitem
667 4173 867 4268 antiquam
897 4169 1013 4243 etiam
1038 4167 1236 4240 maiorum

1022 4310 1236 4366 suorum
