3092 5142
546 484 705 566 Carmen
736 481 822 564 Vll.
938 479 940 483 '
1105 510 1191 595 ¹¹47

176 703 453 778 memoresque
469 651 598 776 (eius)
620 677 720 780 fiunt
745 677 940 766 mortales,
985 722 1030 736 -
1084 685 1193 781 quic.
1177 691 1300 746 maa.

176 801 276 898 quid
302 826 385 876 non
412 801 619 899 sapientiae
645 771 786 870 florem
810 821 1011 872 summum
1037 805 1193 901 (poetae
1232 773 1278 830 ²⁵

176 939 304 996 artem
329 920 642 1019 exquisitiorem)
667 933 883 990 assecuturi}
907 917 1043 1007 fuerit,
1071 938 1116 1007 vt
1132 924 1206 996 in-v

133 1035 138 1053 ¹
178 1045 282 1118 clitis
309 1045 527 1117 carminum
555 1041 653 1114 riuis
675 1036 964 1135 (libationibus)
986 1020 1193 1116 admiscea·
1237 1093 1239 1097 -

178 1183 246 1240 tur
272 1164 535 1263 (carminibus
559 1159 812 1252 celebretur).
868 1160 1034 1235 Choreas
1050 1206 1066 1222 ·
1082 1165 1193 1238 insti·
1283 1244 1286 1258 Ι

176 1303 249 1359 tue
287 1287 428 1384 igitur,
477 1283 682 1356 dulcisono
722 1304 811 1352 cum
852 1279 1035 1376 hymno,
1073 1287 1192 1358 etiam

178 1415 220 1485 S
207 1406 430 1507 repsradae
491 1409 680 1502 Reportat
701 1400 808 1473 enim
831 1425 876 1472 ex
898 1403 1045 1477 Isthmo
1074 1406 1193 1480 victo·

179 1533 280 1604 riam
312 1527 517 1627 pancratii,
558 1525 778 1618 roboreque
812 1521 1029 1619 stupendus
1061 1524 1276 1625 adspe

180 1668 328 1747 ctuque
350 1648 564 1732 formosum
582 1643 783 1738 habetque
808 1643 999 1715 virtutem
1022 1667 1104 1716 non
1127 1643 1194 1718 de·

180 1773 368 1845 aeriorem
386 1790 569 1866 corpora
598 1808 641 1819 —-
670 1763 966 1859 illustraturque
983 1790 1054 1861 per
1072 1766 1194 1838 viola·
1208 1765 1275 1819 Att-
1295 1777 1322 1819 ⁹·

181 1886 731 1971 seis-comisornatasMusas;
756 1885 1036 1981 auunculoque
1051 1911 1194 1986 cogno·
1234 1848 1279 1903 ὅδ’

179 2014 283 2087 mini
316 2010 445 2084 attulit
480 2004 753 2113 comnrunell‘)
791 2004 927 2095 decus;
967 1995 1196 2081 aereo-cli·
1245 2020 1249 2033 '

179 2132 454 2233 peo-iusignis
482 2128 548 2202 cui
578 2141 746 2200 mortem
774 2125 887 2204 Mars
914 2129 1059 2202 intulit.
1107 2121 1196 2206 'sed

180 2256 306 2388 gloria
338 2253 451 2326 bonis
479 2247 648 2348 reposita
674 2264 740 2323 est.
803 2252 903 2326 Sciat
935 2249 1043 2323 eninr
1077 2265 1196 2338 certe,

182 2375 412 2470 quicunque
442 2373 484 2444 in
516 2371 587 2444 hac
615 2369 742 2444 nube
740 2369 983 2472 grandinem
1019 2369 1197 2446 caedisa

182 2493 417 2591 campania
445 2490 666 2592 propulsat,
720 2533 766 2547 -
822 2491 987 2566 exitium
1018 2499 1298 2572 auertensssnw²

182 2614 227 2684 in
250 2612 431 2685 hostilem
459 2613 694 2703 exercitum,
718 2610 824 2712 apud
848 2614 969 2687 ciues
979 2615 1092 2712 stirpi
1117 2637 1197 2686 ma·
1237 2579 1282 2642 4¹

182 2731 332 2805 ximam
361 2733 523 2830 gloriam
557 2733 646 2833 (se)
680 2732 926 2841 accumulare
953 2749 1032 2806 tam
1060 2734 1199 2808 viuen·
1233 2777 1235 2783 ·

183 2871 267 2946 tem
299 2877 416 2948 quam
448 2838 663 2928 mortuum.
734 2859 800 2930 Tu
831 2880 945 2950 vero,
979 2879 1004 2928 ο
1030 2854 1199 2930 Diodoti
1287 2952 1291 2962 .

185 2973 269 3060 fili,
294 2973 523 3050 bellicosum
549 2975 747 3051 aemulans
769 2977 1038 3076 Meleagrum,
1067 3002 1200 3052 aemu-

184 3098 346 3192 lansque
369 3098 580 3171 Hectorem
611 3113 725 3196 atque
752 3098 1055 3197 Amphiaraum,
1092 3094 1201 3168 flori·

186 3216 277 3290 dam
296 3216 497 3315 exspirasti
520 3241 563 3291 ae
566 3233 704 3305 tatem,
755 3260 804 3272 -
855 3217 1309 3324 antesignanos-umbra
1377 3203 1381 3207 ’

185 3341 230 3412 in
264 3337 399 3425 turba,
441 3339 510 3411 vbi
543 3338 748 3414 fortissimi
792 3341 1064 3419 sustinuerunt
1107 3338 1200 3439 belli
1237 3296 1282 3361 4⁹⁸

186 3459 480 3533 contentionem
511 3472 682 3531 extrema
714 3480 793 3556 spe.
853 3457 1003 3549 Pertuli
1026 3473 1112 3530 tum
1140 3460 1239 3530 lu·

188 3597 296 3653 ctum
324 3575 542 3652 infandum.
605 3574 653 3653 ht
677 3602 786 3652 nunc
807 3577 908 3651 mihi
934 3590 1201 3652 terram-con·

187 3703 317 3775 tinens
348 3698 606 3798 (Neptunus)
635 3702 882 3772 serenitatem
907 3698 1088 3798 praebuit
1113 3715 1200 3801 qost

186 3824 369 3899 hiemem.
425 3818 594 3893 Cantabo
629 3843 781 3891 comam
808 3816 1018 3917 (victoris)
1045 3823 1200 3895 coronis
1290 3828 1295 3839 '

186 3962 331 4043 aptans
385 3945 447 4021 ,At
487 3940 775 4038 Immortalium
817 3963 867 4011 ne
904 3943 1109 4016 conturbet
1142 3946 1202 4016 in-

185 4063 294 4140 vidia
340 4063 394 4118 ’-
453 4061 547 4160 (lroc
576 4059 711 4134 meum
746 4057 960 4154 studium):
999 4061 1108 4159 quod
1140 4065 1282 4216 ἰιιρΑιὲι7
1301 4083 1329 4146 3.

1057 4181 1202 4266 cumli-
1283 4186 1292 4204 ’

159 4315 162 4321 ’
252 4327 283 4405 *)
307 4321 330 4387 f.
352 4341 488 4389 nouum.
531 4319 630 4403 naaria
658 4317 766 4389 θάλος.
