3092 5142
552 528 742 609 ·Cartntn
770 465 818 607 ll.
1149 646 1156 659 x
1181 552 1205 628 7

179 720 301 820 spicit
326 745 418 796 cum
440 720 724 810 sollicitudine,
746 747 771 795 o
789 721 926 810 Hiem,
949 720 1089 795 studiis
1105 722 1207 819 (lau.

180 839 297 928 dum,
325 843 614 942 certaminum).
668 844 743 916 Hic
761 844 839 916 nisi
852 845 930 916 cito
953 860 991 917 te
1006 844 1204 948 destituet,
1243 893 1249 903 ,

134 950 136 957 ’
182 958 315 1033 adhuc
330 963 555 1037 suauiorem
570 974 683 1063 spe'ro
735 1008 783 1020 -
822 949 928 1037 'cum
942 965 1128 1065 quadriga
1144 991 1203 1039 ce·
1219 969 1309 1041 Etod-

182 1082 257 1155 leri
294 1083 516 1180 [victoriam
545 1091 673 1180 tuam]
703 1113 766 1160 me
792 1076 1077 1160 celebraturum
1109 1039 1315 1175 esse,4¹⁷6·’

183 1219 276 1303 apto
298 1204 481 1277 carminis
508 1223 740 1303 argumento
764 1224 940 1306 repertu,
973 1207 1080 1311 apud
1099 1211 1204 1307 apri-

184 1351 277 1402 cum
294 1325 435 1399 collem
462 1327 662 1400 Cronium.
716 1330 824 1402 Mihi
845 1329 978 1424 itaque
996 1334 1112 1403 Musa
1135 1354 1202 1409 νας
1242 1348 1249 1373 t

170 1448 422 1549 *fidissimum
444 1447 588 1520 robore
617 1446 741 1529 telum
758 1432 904 1521 seruat.
973 1446 1067 1525 Aliis
1083 1450 1201 1526 rebus

184 1571 249 1643 alii
284 1571 500 1656 excellunt,
540 1591 771 1665 summaque
801 1567 965 1644 felicitas
997 1568 1201 1669 fastigatur

182 1692 350 1792 regibus.
403 1691 502 1768 Noli
515 1707 685 1789 spectare
696 1690 869 1764 vlterius.
924 1692 1081 1766 Vtinam
1100 1708 1138 1764 et
1154 1708 1200 1767 tu

181 1816 268 1916 talis
287 1813 505 1886 insublinti
521 1810 591 1884 diu
610 1808 783 1898 incedas3
807 1826 846 1884 et
863 1835 937 1910 ego
951 1812 1056 1885 inter
1071 1827 1199 1886 tantos

182 1937 351 2010 victores
367 1950 517 2022 verser,
551 1932 787 2039 conspicuus
808 1932 974 2007 canendi
994 1950 1076 2008 arte
1095 1935 1200 2009 inter

132 2108 143 2157 Γ
171 2061 347 2179 »Graecos
367 2055 524 2156 vbique.
548 2070 552 2076 '

538 2518 756 2590 OLYMP.
791 2518 854 2600 ΙΙ,

235 2655 571 2824 Taunum
611 2678 1138 2789 aomcENTiNo

132 2352 161 2417 ’ς’

131 2454 171 2517 ἑ,

141 2738 150 2777 ί
215 2790 219 2797 ι

135 2808 151 2861 2'1

131 2817 133 2837 ἱ

130 2847 137 2858 ι

619 2843 760 2908 Curru.

130 2868 150 3123 ·,i
180 2977 394 3084 Citharam
412 3025 589 3107 regentes
604 3009 758 3108 hymni,
785 3037 906 3108 quem
918 3009 1052 3096 deum,
1078 3029 1197 3103 quem
1211 3028 1306 3085 aaa.
1393 3017 1397 3029 ·

130 3130 143 3227 l
177 3132 313 3222 heroa,
337 3157 511 3230 quemue
525 3133 659 3206 virum
681 3136 946 3208 cantabimus?
973 3138 1070 3208 Saue
1088 3135 1199 3229 (cou-

130 3230 140 3337 φ’
179 3257 349 3330 veniunt
368 3277 449 3325 vno
474 3255 517 3325 in
541 3239 903 3353 argumentolPisa
926 3251 1085 3349 quidem
1110 3251 1199 3324 Ioui

130 3354 133 3365 Ι
177 3399 305 3465 sacra,
338 3375 673 3474 Olympicumque
691 3393 886 3450 certamen
908 3375 1078 3446 instituit
1101 3377 1199 3445 Her·

178 3499 306 3586 cules,
330 3496 522 3595 primitias
533 3495 811 3570 manubiarum
827 3482 939 3584 b'elti;
973 3496 1199 3568 Theronem

178 3635 317 3693 autom
343 3615 547 3714 quadrigas
574 3615 625 3688 ob
651 3615 830 3690 victrices
863 3617 1055 3690 celebrare
1086 3596 1200 3689 iuuat

131 3798 136 3811 .
178 3764 304 3826 voce,
349 3739 501 3812 iustum
521 3736 737 3834 hospitem,
781 3741 964 3812 columen
986 3737 1200 3836 Agiigenti,

177 3859 460 3953 clarorumque
478 3872 635 3956 patrum
661 3855 801 3944 decus,
837 3857 1008 3934 ciuitatis*
1025 3860 1198 3934 tutelam.
1261 3943 1263 3947 ,

177 4022 229 4039 ·-
284 3979 366 4083 Qui
382 3981 546 4076 (patres)
570 4003 697 4074 quum
720 3977 946 4050 tolerassent
969 3979 1094 4051 multa
1119 3977 1202 4049 ani·
1214 4006 1327 4073 Anaxa
1402 4034 1403 4039 ,

177 4125 305 4190 mose,
333 4124 477 4172 sacram
494 4097 615 4173 fluuii
626 4113 789 4171 tenuere
808 4096 951 4186 sedem,
972 4097 1202 4192 Siciliaeque

177 4221 346 4299 fuerunt
366 4216 523 4296 lumen:
547 4237 636 4296 tum
654 4218 734 4295 vita
751 4243 818 4292 eos
835 4218 985 4318 excepit
998 4215 1092 4313 felix
1110 4222 1212 4315 opos*

209 4351 212 4359 ’
303 4336 306 4340 ’
541 4340 546 4348 ’
1025 4339 1206 4440 gratiam·
