3092 5142
304 515 311 521 ·
380 500 431 591 96
641 477 675 533 ’·
801 468 959 574 ¹Nemea.

159 680 162 687 ’
257 744 263 753 .
377 680 587 757 ad'aulicas
604 676 708 754 fores
725 681 803 755 viri
817 682 1020 784 hospitalis
1037 672 1232 786 praeclara
1246 689 1381 786 (victo-

376 808 476 881 riam
493 803 594 894 eius)
610 825 767 875 canens:
787 790 862 877 'vbi
882 808 981 881 mihi
999 812 1202 905 (tanquam
1214 811 1300 884 eius
1315 810 1382 884 ho-

379 927 489 1026 spiti)
504 924 691 1023 placitum
713 926 877 1024 epulum
893 924 1127 1006 adornatum
1140 943 1197 1003 est
1203 955 1214 1016 ;
1248 929 1382 1002 crebro

378 1050 486 1133 enim
515 1045 814 1145 peregrinorum
848 1071 931 1119 non
963 1062 1137 1146 expertes
1163 1046 1277 1122 aedes
1303 1049 1383 1122 eius

374 1185 479 1252 sunt.
531 1165 658 1242 Habet
676 1190 770 1244 vero
787 1159 987 1241 virbonus
998 1169 1087 1256 hoc,
1113 1182 1156 1242 vt
1169 1167 1382 1241 obtrectan-

377 1289 481 1365 tibus
497 1284 640 1387 ¹aquam
659 1283 771 1359 fumo
788 1286 1009 1384 (incendio)
1024 1285 1123 1361 ferat
1138 1290 1379 1362 contrariam.

185 1396 190 1463 ’ἶ
266 1495 268 1499 ,
376 1415 487 1486 Artes
512 1407 671 1507 quidem
697 1409 865 1483 aliorum
888 1409 993 1482 aliae
1063 1413 1228 1509 Oportet
1251 1425 1419 1485 autem,

235 1528 238 1533 ’
339 1545 480 1608 recta
500 1529 564 1602 via
591 1526 854 1601 ambulantem
876 1530 1002 1603 anniti
1028 1554 1102 1629 pro
1130 1545 1283 1604 natura.
1336 1573 1379 1585 —

250 1655 318 1713 Am.
336 1669 362 1709 2
377 1656 492 1727 quat
509 1651 615 1723 enim
629 1649 839 1722 certamina
852 1647 986 1736 robur,
1013 1651 1172 1724 consilia
1188 1675 1318 1727 mens.
1340 1665 1380 1724 vt

285 1739 329 1800 39·

377 1769 587 1871 prospiciat
606 1785 796 1842 euentum
816 1769 922 1864 quis,
947 1769 1169 1870 ingenitum
1190 1788 1268 1863 est,
1298 1773 1379 1870 qui·

375 1893 448 1967 bus
465 1889 624 1989 quidem
639 1889 806 1988 obtingit
820 1888 929 1964 illud.
981 1896 1068 1967 Tua
1083 1909 1226 1980 autem,
1254 1917 1280 1967 ο
1290 1898 1380 1992 Age·

224 2003 229 2022 ¹
324 2026 326 2031 '
359 2012 513 2088 ¹sidami
528 2010 596 2100 fili,
619 2013 662 2083 in
675 2010 808 2085 indole
821 2013 1046 2108 horumque
1059 2027 1098 2088 et
1112 2012 1276 2085 illorum
1291 2037 1377 2108 vsns
1396 2054 1400 2063 ·

374 2148 466 2221 sunt
484 2131 575 2224 (tibi
595 2147 733 2206 natura
751 2148 964 2230 Vtrumque
987 2131 1123 2225 adest).
1173 2136 1272 2208 Non
1294 2157 1376 2207 amo

329 2312 332 2316 -
374 2277 530 2354 magnas
549 2250 657 2325 domi
675 2253 833 2330 diuitias
848 2252 1091 2330 absconditas
1113 2253 1276 2343 habere;
1315 2252 1378 2328 sed

273 2465 278 2483 ι
374 2373 641 2493 praesentibus
656 2391 694 2450 et
708 2375 807 2450 bene
826 2373 920 2463 frui,
943 2391 981 2449 et
998 2375 1097 2452 bene
1112 2373 1261 2464 audire,
1285 2376 1378 2449 ami·

376 2497 430 2571 cis
461 2474 768 2568 benefaciendo.
817 2498 863 2568 In
892 2495 967 2568 hoc
996 2499 1103 2570 enim
1138 2495 1378 2593 conueniunt

170 2690 174 2697 .
266 2620 321 2694 Er·
335 2633 361 2673 2
376 2633 467 2692 vota
482 2641 620 2755 magna
639 2615 937 2714 suscipientium
955 2619 1157 2692 virorum.
1197 2661 1246 2674 -
1297 2623 1377 2718 Ego

292 2698 338 2764 49·

375 2764 470 2814 vero
501 2738 545 2810 in
575 2740 743 2812 Hercule
772 2761 908 2811 moror
940 2736 1124 2825 libenter,
1153 2741 1196 2812 in
1215 2742 1378 2813 summis

376 2844 505 2958 (eius)
517 2861 711 2933 virtutum
737 2856 918 2958 fastigiis,
955 2859 1153 2953 antiquam
1175 2859 1377 2934 exordiens

240 2964 246 2985 ’
301 3019 308 3041 ·
375 2982 564 3056 fabulam:
605 2977 823 3076 quomodo,
858 2995 1065 3078 postquam
1091 3004 1138 3052 ex
1166 2981 1377 3055 visceribus

374 3103 509 3178 matris
527 3114 701 3175 serenam
715 3100 821 3172 illico
837 3100 880 3172 in
901 3101 1030 3174 lucem
1045 3097 1147 3174 filius
1165 3102 1284 3189 louis,
1296 3127 1378 3201 par·

374 3242 464 3300 tum
483 3220 665 3308 suadens,
692 3219 858 3318 gemello
874 3245 964 3294 cum
971 3213 1102 3296 fratre
1119 3219 1375 3320 prodiit,-

161 3392 169 3414 ι
265 3345 321 3404 Str
335 3360 361 3414 3·
375 3347 441 3420 ille
464 3340 624 3442 quidem
645 3358 749 3430 tum,
776 3368 858 3416 non
880 3343 1002 3416 latens
1026 3343 1298 3416 auiithronam
1317 3347 1377 3417 Iu·

291 3429 337 3489 67·

374 3492 541 3554 nonem,
568 3488 718 3536 croceas
740 3460 903 3536 fascias
892 3483 1109 3559 ingressus
1105 3479 1177 3551 est;
1199 3462 1269 3537 sed
1289 3463 1377 3538 deo·

373 3614 465 3663 rum
496 3585 629 3684 regina
663 3583 811 3657 irritata
840 3584 972 3656 animo
1004 3583 1167 3656 immisit
1192 3580 1393 3657 dracones.¹

260 3718 262 3725 ’
373 3711 572 3810 protinus;
595 3705 665 3802 qui
685 3702 845 3800 quidem
864 3705 1002 3802 apertis
1017 3704 1140 3801 portis
1159 3704 1207 3779 in,
1219 3703 1378 3778 thalami

373 3832 567 3932 penetrale
589 3825 764 3923 amplum
781 3825 1032 3922 irrepserunt,
1056 3825 1231 3922 puerulis
1247 3825 1380 3902 auidas

322 3948 325 3955 ’
372 3952 490 4024 malas
505 3945 798 4042 circanrplicare
812 3944 1019 4039 cupientes.
1067 3946 1283 4043 Illeautem
1300 3974 1377 4023 ere·

374 4060 1194 4165 ctumextenditcaputfecitquepericulum
1203 4071 1377 4167 primum

249 4185 321 4337 Αιὶι7
334 4211 359 4266 5·
374 4217 527 4294 pugnae
579 4231 625 4246 -
682 4185 832 4261 duabus
860 4185 1072 4285 cllugium-
1082 4211 1188 4260 non-
1197 4190 1378 4264 dantibus

1202 4309 1381 4382 manibus
