3092 5142
395 509 406 542 ⁸
480 594 484 601 ,
574 510 739 633 Carmen!
767 507 875 591 Vlll.

553 837 942 942 οιΥΜΡΛνιΠ.ἶ
1064 769 1066 772 ⁴
1133 915 1161 936 ῃ,

390 1002 1072 1096 anorunoonrr
1195 964 1197 968 ’

412 1226 419 1233 μ
464 1170 653 1231 ¹puero
692 1148 957 1211 luctatori.

221 1290 272 1398 Ο
289 1337 418 1395 mater
428 1318 555 1393 aureis
568 1315 724 1388 coronis
738 1313 955 1414 insignium
969 1313 1240 1401 certaminum,
1255 1331 1310 1384 scr.
1325 1345 1351 1383 ι.
1370 1356 1372 1361 ,
1387 1372 1388 1376 ,

222 1437 430 1536 Olympia,
455 1433 618 1509 domina
633 1434 827 1524 veritatis,
852 1436 921 1509 vbi
945 1451 1051 1511 vates
1071 1424 1242 1512 incensis

220 1557 396 1631 victimis
419 1571 655 1656 augurantes
675 1556 879 1654 explorant
895 1559 1034 1630 Iouem
1055 1560 1242 1634 velociter

219 1678 513 1773 fulminantem,
538 1703 638 1752 num
657 1702 777 1775 quam
796 1676 935 1750 habeat
955 1677 1150 1761 rationem
1171 1680 1243 1754 ho-

217 1802 400 1888 minum,
426 1802 673 1899 cupientium
697 1799 831 1871 animo
851 1821 1032 1898 magnam
1052 1799 1243 1878 virtutem

219 1923 434 2020 consequi,
463 1919 723 2016 laborumque
747 1918 936 2015 requiem.
992 1962 1038 1976 ·-
1070 1920 1246 1995 Persici·
1259 1951 1377 2006 Auara.

220 2061 281 2119 ter
301 2059 435 2118 autem
458 2043 535 2116 hoc
559 2041 602 2114 in
625 2041 787 2140 gratiam
809 2066 974 2139 precum
994 2043 1155 2140 piorum
1174 2047 1245 2120 ho·
1368 2095 1370 2104 ·

221 2166 393 2239 minum.
447 2160 540 2248 Sed,
564 2185 589 2233 o
607 2160 714 2233 Pisae
735 2161 965 2239 arborosum
983 2163 1033 2236 ad
1048 2164 1246 2263 Alpheum

221 2311 387 2374 nemus,
422 2286 575 2359 huncce
598 2283 796 2381 hymnum
820 2300 859 2358 et
884 2287 1060 2359 coronati
1080 2287 1248 2362 'victoris
1320 2338 1322 2342 -

223 2432 414 2509 pompam
436 2407 579 2505 accipe.
631 2409 827 2502 Magnum
849 2401 968 2479 decus
991 2431 1145 2508 semper
1162 2411 1248 2485 eius
1301 2447 1304 2454 ·

225 2547 302 2619 est,
337 2529 405 2602 cui
435 2543 552 2601 tuum
590 2526 814 2625 praemium
842 2528 1063 2627 contigerit,
1084 2528 1247 2603 illustre.

226 2653 312 2728 Alia
334 2644 469 2724 autem
494 2649 579 2723 aliis
602 2646 797 2723 eueniunt
821 2647 933 2722 bona.
986 2650 1118 2725 Multa
1142 2652 1250 2726 enim

229 2775 399 2848 deorum
432 2767 620 2845 beneficio
654 2792 795 2870 genera
825 2783 916 2841 sunt
942 2767 1147 2847 felicitatis.
1201 2817 1249 2867 .···
1265 2792 1319 2871 ap.
1333 2772 1378 2867 ιμ’

229 2896 350 2972 Vobis
366 2917 483 2982 vero,
509 2892 803 2980 Timosthenes,
835 2890 976 2990 obtigit
997 2890 1161 2968 felicitas
1181 2919 1253 2994 per

230 3013 618 3115 louem'genitalem,
646 3013 772 3108 quite
790 3013 954 3111 quidem
969 3019 1144 3090 Nemeae
1161 3042 1267 3108 con·⁴
1335 2995 1337 2999 ⁸

232 3141 431 3240 spicuam,
450 3133 762 3209 Alcimedontem
776 3159 871 3208 vero
889 3135 995 3235 apud
1003 3137 1160 3212 Saturni
1176 3139 1254 3211 col·

231 3258 312 3331 lem
335 3253 429 3329 lecit
448 3252 712 3355 Olympicum
727 3256 929 3330 victorem.
982 3262 1074 3331 Erat
1098 3259 1164 3333 ille
1188 3259 1254 3334 ad·

232 3395 373 3479 spectu
398 3380 556 3478 pulcer,
587 3375 777 3473 factisque
803 3402 884 3450 non
909 3374 1145 3454 dedecorans
1173 3380 1255 3455 lor·

233 3515 339 3575 mam
351 3528 362 3590 ;
403 3499 673 3600 promulgauit
697 3499 826 3573 victor
849 3501 954 3575 lucta'
974 3484 1257 3601 longis-remis

226 3639 413 3699 stentem
442 3619 836 3720 'Aeginampatriarm
871 3621 939 3696 vbi
966 3623 1136 3721 Sospita,
1168 3625 1257 3699 Ioui

233 3743 421 3842 hospitali
449 3739 647 3828 adsidens,
680 3720 825 3816 colitur
851 3744 1003 3817 Iustitia
1061 3788 1110 3801 —
1162 3748 1258 3846 -plus
1290 3759 1393 3824 Sem,

236 3891 355 3964 quam
380 3863 487 3964 apud
509 3864 604 3937 alios
627 3861 819 3938 homines.
871 3869 998 3954 Nam,
1024 3866 1133 3965 quod
1156 3872 1259 3943 mul·
1307 3843 1353 3899 ³⁰⁰

236 4004 323 4061 tum
351 4002 390 4061 et
413 3986 621 4059 multas‘in
642 3998 769 4082 partes
787 3984 934 4083 vergit,
960 3985 1004 4060 id
1027 4005 1131 4063 recta
1155 3990 1259 4065 diiu-
1311 4021 1317 4026 2
1407 4063 1409 4067 ,

232 4109 368 4182 ’dicare
386 4123 531 4196 mente,
554 4116 637 4179 non
653 4109 871 4204 perperam,
895 4104 1054 4185 difficile
1073 4128 1139 4187 est.
1178 4082 1272 4188 oe?
1342 4084 1344 4091 Δ

238 4235 391 4306 cretum
405 4253 502 4304 vero
518 4224 718 4326 quoddam
732 4224 899 4302 deorum
915 4230 1032 4304 etiam
1046 4232 1147 4306 hanc
1162 4236 1262 4314 mari

1095 4369 1263 4428 crnctam
