3092 5142
529 463 689 618 &aaran
715 505 789 589 XI.
852 466 857 475 .
1118 529 1192 602 35·

152 686 337 798 ximeque
355 676 529 775 incendit
550 682 682 773 amo‘re
700 700 898 787 animum;
918 688 1171 793 'quandoqui
1253 703 1258 708 ’
1318 712 1322 719 ·

135 819 247 912 ¹dem
284 822 482 896 diuitias
479 821 653 920 accipere
686 818 896 893 dominum
930 815 1171 892 adscititium

131 934 349 1033 iuuenum,
384 940 570 1013 morienti
598 940 864 1016 tristissimum
889 938 949 1014 fit.
1002 980 1048 994 -
1089 938 1250 1063 mmcdx
1269 950 1296 1006 ἃ

143 1048 184 1139 'si
220 1065 290 1137 cui
326 1062 444 1136 rebus
481 1020 617 1157 pulcle
653 1061 767 1158 gestis
805 1060 949 1156 absque
983 1063 1167 1149 carmine,
1244 1027 1271 1082 ⁹

152 1181 401 1283 'Agesidamffi
434 1179 484 1253 ad
507 1181 685 1255 Plutonis
707 1183 832 1256 limen
855 1184 904 1256 sit
928 1179 1168 1269 abeundum,

157 1298 322 1375 inaniter
334 1318 542 1400 postquam
557 1301 762 1390 laborauit,
776 1302 935 1376 breuem
952 1326 1024 1400 pro
1038 1301 1169 1377 labore

137 1402 329 1497 ¹'fructum
347 1416 609 1518 cousequitur.
665 1423 756 1503 Tibi
772 1448 868 1497 vero
889 1424 1168 1520 dulcisonaque

139 1636 143 1645 Ι
160 1541 237 1640 lyra
258 1540 466 1638 dulcisque
487 1532 580 1617 tibia
600 1542 783 1617 adfundit
802 1543 941 1633 decus,
965 1532 1169 1642 praebent·
1214 1558 1218 1565 '

131 1660 229 1760 tque
253 1664 426 1764 amplam
452 1665 616 1762 gloriam
639 1662 739 1738 filiae
761 1661 934 1738 Pierides
952 1668 1076 1768 louis.
1119 1709 1165 1722 -—
1181 1645 1270 1781 Ἦ

131 1768 233 1883 iEgo
268 1799 425 1872 autem,
463 1787 669 1881 comitatus
702 1808 786 1871 eas,
823 1783 995 1862 studiose
1026 1789 1197 1867 claram¹

131 1920 311 2003 agentem
346 1909 565 1987 Locrorum
601 1904 801 2002 amplexus
832 1929 940 1996 sum,
975 1910 1169 2004 melleque

131 2028 482 2125 {viris-insignem
507 2024 642 2098 vrbem
665 2025 849 2126 irrigans,
876 2025 1003 2101 lilium
1027 2020 1171 2101 amabi·
1204 2103 1208 2109 ,

144 2142 229 2222 lem
264 2147 500 2232 Archestrati
532 2145 708 2236 laudaui3
743 2173 862 2244 quem
893 2148 979 2255 yidi
1010 2150 1171 2222 vincen-

143 2279 235 2347 tem
259 2293 401 2347 manus
423 2267 564 2340 robore
587 2292 691 2340 aram
714 2268 821 2369 apud
840 2269 1100 2368 Olympicam,
1116 2269 1170 2343 il·
1201 2360 1204 2370 Ι
1241 2260 1243 2265 ’
1278 2358 1280 2365 Ι

137 2383 224 2463 lud
251 2389 352 2461 circa
378 2405 532 2486 tempus
563 2386 767 2485 formaque
794 2393 986 2490 pulcrum
1012 2388 1170 2469 florida·
1229 2429 1233 2437 ·

136 2533 231 2608 que
255 2526 380 2586 aetate
409 2511 679 2598 constitutum,
697 2537 797 2607 quae
821 2511 1020 2604 auidama
1040 2516 1170 2610 Gany·

136 2631 271 2707 mede
299 2630 470 2706 mortem
497 2630 744 2732 propulsauit
771 2631 920 2706 auxilio
945 2633 1115 2707 Veneris.

501 3101 720 3172 OLYMP.
756 3103 819 3174 Xl.
899 3176 903 3183 .

293 3275 485 3367 Eidem
520 3281 1028 3388 AGESIDAMO

587 3432 766 3513 rugata
921 3504 925 3511 ,

131 3576 235 3699 Est
252 3602 480 3693 hominibus
498 3630 710 3708 ventorum
726 3643 834 3692 nunc
850 3618 1048 3716 plurimus
1065 3641 1168 3708 vsus,
1184 3636 1238 3691 aer.
1254 3654 1279 3691 ι.

131 3748 257 3809 muno
275 3728 373 3806 item
394 3733 623 3848 coelestium
640 3761 759 3834 aquas
762 3765 850 3826 um
878 3736 1108 3835 pluuiarum
1126 3737 1170 3812 fi-

131 3832 291 3953 ,mrum
311 3853 485 3929 Nubis.
482 3858 544 3932 Si
563 3832 672 3964 quis
668 3882 762 3931 vero
782 3860 826 3930 i'n
843 3858 1036 3932 laborioso
1051 3877 1170 3934 certa-

131 3975 256 4077 lmine
277 3974 372 4050 felix
387 3974 488 4050 fuer
479 3992 526 4065 rt
551 4003 690 4055 suaues
705 3979 859 4076 hymni,
880 3977 1044 4054 laudum
1062 3981 1170 4080 apud
1279 4044 1283 4053 .

202 4112 323 4204 steros
347 4120 519 4180 caussae,
546 4097 752 4194 existitque
770 4098 863 4173 inde
882 4098 1007 4175 fidum
1024 4104 1180 4203 pignus

164 4216 295 4318 gnis
312 4217 538 4313 virtutibus.
593 4261 640 4275 -
692 4222 833 4318 Ingens
856 4246 952 4297 vero
968 4224 1063 4298 haec
1084 4227 1168 4312 laus
1182 4245 1249 4302 Am.
1267 4258 1295 4316 7.

131 4355 163 4423 ἱ·
682 4367 683 4371 ’
698 4452 700 4457 Α
959 4345 1169 4447 Olympio·
