3092 5142
344 680 350 688 .
374 584 452 660 134
577 658 582 666 g
795 559 956 639 isthmia.

292 731 298 735 ’
368 752 531 847 aliisque
561 750 750 823 insultans
787 748 909 839 ridet;
945 750 979 822 is
1005 747 1182 835 ¹animam
1208 753 1315 822 Orco
1342 769 1380 819 se

369 871 540 971 pendere
563 894 646 944 non
671 871 813 970 cogitat
835 873 919 945 sine
945 870 1077 968 gloria.

657 1267 660 1272 '
728 1245 935 1318 ISTHM.
969 1247 1015 1317 ΙΙ.
1038 1300 1043 1312 ,

454 1423 823 1514 xenocnnrr
850 1364 1298 1520 Asnrsnnrmo

252 1630 318 1685 ·Str·
334 1646 358 1681 ¹·
373 1589 509 1696 Prisci
527 1624 698 1720 quidem,
718 1652 742 1701 ο
758 1629 1012 1726 Thrasybule‚
1036 1628 1124 1714 viri,
1146 1628 1219 1722 qui
1238 1623 1381 1698 aureis·

373 1743 860 1848 redimiculis-insignium
886 1773 1047 1837 currum
1062 1751 1275 1822 Musarum
1296 1768 1381 1816 con-

375 1863 633 1955 scenderunt,
677 1869 811 1943 inclita
846 1850 937 1942 curn
975 1870 1116 1942 cithara
1147 1865 1379 1952 accedentes,

329 2011 338 2065 ρ
375 2009 487 2084 saepe
506 1990 548 2060 in
567 2013 784 2086 puerorum
804 1990 965 2089 gratiam
984 1968 1197 2062 emiserunt
1214 1987 1380 2071 melliso-

365 2121 447 2178 nos
469 2107 660 2204 hymnos;
696 2111 729 2182 si
757 2113 850 2206 quis·
870 2093 1067 2183 formosus
1093 2125 1231 2182 nactus
1257 2107 1383 2181 fuerat

374 2230 535 2302 Veneris
564 2227 855 2329 pulcrithronae
870 2209 1063 2330 prosam,
1104 2230 1379 2314 suauissimum

248 2367 315 2424 Ana.
333 2383 360 2440 9.
375 2345 514 2425 florem
544 2350 850 2450 (pubertatem).
905 2393 949 2407 -
1002 2355 1120 2425 Musa
1147 2349 1255 2421 enim
1286 2371 1379 2420 non·

375 2468 473 2542 dum
491 2469 766 2568 lucri-cupida
791 2487 887 2545 tunc
910 2485 1008 2557 erat,
1035 2494 1163 2565 neque
1185 2491 1380 2543 mercena-

374 2591 450 2678 ria,
476 2615 605 2687 neque
627 2591 897 2666 vendebantur
916 2590 1048 2666 dulces
1070 2591 1164 2689 (illi)
1186 2588 1380 2663 mellisoni

374 2735 396 2782 a
417 2708 692 2809 Terpsichore,
720 2709 957 2810 deargentati
981 2708 1110 2785 fronte
1130 2710 1379 2809 (praescripta

306 2813 320 2835 “
343 2924 347 2932 Ι
373 2832 417 2903 in
439 2829 570 2910 fronte
594 2831 743 2930 argenti
763 2855 935 2918 summa,
961 2854 1039 2926 qua
1061 2833 1219 2906 venales
1237 2831 1379 2924 erant);

308 2943 311 2947 ’
373 2953 602 3025 molliuoces
623 2967 765 3024 cantus.
821 2955 941 3025 Nunc
961 2960 1054 3025 vero
1074 2953 1230 3052 expedit
1246 2951 1380 3052 Argiui

376 3070 582 3144 obseruare
603 3070 765 3173 dictum,
793 3069 841 3167 ad
861 3072 1063 3145 veritatem
1081 3075 1260 3171 proxime
1280 3097 1379 3144 acce·

247 3190 510 3277 rao-dens:
540 3215 588 3248 --'
638 3193 841 3292 pecunias!
873 3193 1076 3291 pecunias!
1113 3184 1212 3267 heus
1241 3194 1377 3267 homo!
1411 3204 1413 3206 ’

268 3341 278 3356 ‘
375 3313 445 3408 qui
460 3311 576 3386 dixit':
603 3314 744 3414 opibus
763 3339 839 3387 vna
859 3303 1065 3387 destitutus
1087 3329 1125 3387 et
1140 3313 1291 3387 amicis!
1319 3317 1377 3387 Sa·

258 3475 260 3482 ·
310 3434 315 3447 '
373 3433 485 3531 piens
502 3434 607 3506 enim
628 3450 674 3509 tu
695 3459 755 3521 es,
779 3459 852 3506 nec
867 3434 1003 3534 ignaro
1023 3415 1128 3506 cano.
1181 3433 1377 3507 Isthmiam

373 3555 570 3655 quadrigis
594 3555 803 3651 victoriam
822 3553 921 3626 hanc
935 3551 974 3648 ⁹⁶)
1002 3554 1208 3629 Xenocrati
1228 3557 1377 3652 Neptu·

372 3700 448 3749 nus
469 3677 650 3775 largitus,
685 3677 926 3750 Doricorum
949 3675 1025 3772 ipsi
1046 3697 1232 3747 coronam
1259 3675 1376 3746 comis

372 3795 479 3867 misit
510 3794 731 3894 illigandam
767 3778 967 3894 epiorum,
1020 3835 1066 3848 -
1119 3818 1377 3900 curru÷prae=

371 3930 536 3988 stantem
554 3918 687 3990 virum
710 3918 925 4002 honoram,
952 3914 1299 4013 Agrigentinorum
1321 3914 1377 3986 lu·

370 4061 473 4110 men,
526 4041 653 4138 Prope
665 4039 831 4114 Crissam
847 4059 943 4113 vero
961 4022 1194 4136 praepotens
1210 4027 1381 4153 respexit

1241 4157 1377 4255 Apollo

267 3779 357 3833 Stra.

280 3856 324 3924 24.

374 4322 377 4327 ἱ
452 4344 481 4422 *)
502 4339 642 4420 Ἰσθμίαν
660 4337 777 4424 ἵππρισι
798 4333 884 4406 rluar
900 4336 975 4419 ruta,
1000 4339 1034 4403 h.
1058 4337 1172 4423 ταύτην
1191 4372 1235 4413 -2
